@ARTICLE{2020Fisher,
       author = {{Fisher}, Chloe and {Hoeijmakers}, H. Jens and {Kitzmann}, Daniel and {M{\'a}rquez-Neila}, Pablo and {Grimm}, Simon L. and {Sznitman}, Raphael and {Heng}, Kevin},
        title = "{Interpreting High-resolution Spectroscopy of Exoplanets using Cross-correlations and Supervised Machine Learning}",
      journal = {\aj},
     keywords = {Exoplanet atmospheres, 487, Astrophysics - Earth and Planetary Astrophysics},
         year = 2020,
        month = may,
       volume = {159},
       number = {5},
          eid = {192},
        pages = {192},
          doi = {10.3847/1538-3881/ab7a92},
archivePrefix = {arXiv},
       eprint = {1910.11627},
 primaryClass = {astro-ph.EP},
       adsurl = {https://ui.adsabs.harvard.edu/abs/2020AJ....159..192F},
      adsnote = {Provided by the SAO/NASA Astrophysics Data System}
}
@ARTICLE{2019Pairet,
       author = {{Pairet}, Beno{\^\i}t and {Cantalloube}, Faustine and {Gomez Gonzalez}, Carlos A. and {Absil}, Olivier and {Jacques}, Laurent},
        title = "{STIM map: detection map for exoplanets imaging beyond asymptotic Gaussian residual speckle noise}",
      journal = {\mnras},
     keywords = {methods: statistical, techniques: high angular resolution, techniques: image processing, planets and satellites: detection, Astrophysics - Instrumentation and Methods for Astrophysics},
         year = 2019,
        month = aug,
       volume = {487},
       number = {2},
        pages = {2262-2277},
          doi = {10.1093/mnras/stz1350},
archivePrefix = {arXiv},
       eprint = {1810.06895},
 primaryClass = {astro-ph.IM},
       adsurl = {https://ui.adsabs.harvard.edu/abs/2019MNRAS.487.2262P},
      adsnote = {Provided by the SAO/NASA Astrophysics Data System}
}
@INPROCEEDINGS{2011Allard,
       author = {{Allard}, F. and {Homeier}, D. and {Freytag}, B.},
        title = "{Model Atmospheres From Very Low Mass Stars to Brown Dwarfs}",
     keywords = {Astrophysics - Solar and Stellar Astrophysics},
    booktitle = {16th Cambridge Workshop on Cool Stars, Stellar Systems, and the Sun},
         year = 2011,
       editor = {{Johns-Krull}, Christopher and {Browning}, Matthew K. and {West}, Andrew A.},
       series = {Astronomical Society of the Pacific Conference Series},
       volume = {448},
        month = dec,
        pages = {91},
archivePrefix = {arXiv},
       eprint = {1011.5405},
 primaryClass = {astro-ph.SR},
       adsurl = {https://ui.adsabs.harvard.edu/abs/2011ASPC..448...91A},
      adsnote = {Provided by the SAO/NASA Astrophysics Data System}
}

@ARTICLE{1997Allard,
       author = {{Allard}, France and {Hauschildt}, Peter H. and {Alexander}, David R. and {Starrfield}, Sumner},
        title = "{Model Atmospheres of Very Low Mass Stars and Brown Dwarfs}",
      journal = {\araa},
         year = 1997,
        month = jan,
       volume = {35},
        pages = {137-177},
          doi = {10.1146/annurev.astro.35.1.137},
       adsurl = {https://ui.adsabs.harvard.edu/abs/1997ARA&A..35..137A},
      adsnote = {Provided by the SAO/NASA Astrophysics Data System}
}

@ARTICLE{2019Haffert,
       author = {{Haffert}, S.~Y. and {Bohn}, A.~J. and {de Boer}, J. and {Snellen}, I.~A.~G. and {Brinchmann}, J. and {Girard}, J.~H. and {Keller}, C.~U. and {Bacon}, R.},
        title = "{Two accreting protoplanets around the young star PDS 70}",
      journal = {Nature Astronomy},
     keywords = {Astrophysics - Earth and Planetary Astrophysics},
         year = 2019,
        month = jun,
       volume = {3},
        pages = {749-754},
          doi = {10.1038/s41550-019-0780-5},
archivePrefix = {arXiv},
       eprint = {1906.01486},
 primaryClass = {astro-ph.EP},
       adsurl = {https://ui.adsabs.harvard.edu/abs/2019NatAs...3..749H},
      adsnote = {Provided by the SAO/NASA Astrophysics Data System}
}

@INPROCEEDINGS{2004SINFONI,
       author = {{Bonnet}, Henri and {Conzelmann}, Ralf and {Delabre}, Bernhard and {Donaldson}, Robert and {Fedrigo}, Enrico and {Hubin}, Norbert N. and {Kissler-Patig}, Markus and {Lizon}, Jean-Louis and {Paufique}, Jerome and {Rossi}, Silvio and {Stroebele}, Stefan and {Tordo}, Sebastien},
        title = "{First light of SINFONI AO-module at VLT}",
    booktitle = {Advancements in Adaptive Optics},
         year = 2004,
       editor = {{Bonaccini Calia}, Domenico and {Ellerbroek}, Brent L. and {Ragazzoni}, Roberto},
       series = {Society of Photo-Optical Instrumentation Engineers (SPIE) Conference Series},
       volume = {5490},
        month = oct,
        pages = {130-138},
          doi = {10.1117/12.551187},
       adsurl = {https://ui.adsabs.harvard.edu/abs/2004SPIE.5490..130B},
      adsnote = {Provided by the SAO/NASA Astrophysics Data System}
}
@ARTICLE{2003BTsettl,
       author = {{Baraffe}, I. and {Chabrier}, G. and {Barman}, T.~S. and {Allard}, F. and {Hauschildt}, P.~H.},
        title = "{Evolutionary models for cool brown dwarfs and extrasolar giant planets. The case of HD 209458}",
      journal = {aap},
     keywords = {planetary systems, stars: brown dwarfs, stars: evolution, stars: individual (HD 209458), Astrophysics},
         year = 2003,
        month = may,
       volume = {402},
        pages = {701-712},
          doi = {10.1051/0004-6361:20030252},
archivePrefix = {arXiv},
       eprint = {astro-ph/0302293},
 primaryClass = {astro-ph},
       adsurl = {https://ui.adsabs.harvard.edu/abs/2003A&A...402..701B},
      adsnote = {Provided by the SAO/NASA Astrophysics Data System}
}
@misc{tensorflow2015-whitepaper,
title={ {TensorFlow}: Large-Scale Machine Learning on Heterogeneous Systems},
url={https://www.tensorflow.org/},
note={Software available from tensorflow.org},
author={
    Mart\'{i}n~Abadi and
    Ashish~Agarwal and
    Paul~Barham and
    Eugene~Brevdo and
    Zhifeng~Chen and
    Craig~Citro and
    Greg~S.~Corrado and
    Andy~Davis and
    Jeffrey~Dean and
    Matthieu~Devin and
    Sanjay~Ghemawat and
    Ian~Goodfellow and
    Andrew~Harp and
    Geoffrey~Irving and
    Michael~Isard and
    Yangqing Jia and
    Rafal~Jozefowicz and
    Lukasz~Kaiser and
    Manjunath~Kudlur and
    Josh~Levenberg and
    Dandelion~Man\'{e} and
    Rajat~Monga and
    Sherry~Moore and
    Derek~Murray and
    Chris~Olah and
    Mike~Schuster and
    Jonathon~Shlens and
    Benoit~Steiner and
    Ilya~Sutskever and
    Kunal~Talwar and
    Paul~Tucker and
    Vincent~Vanhoucke and
    Vijay~Vasudevan and
    Fernanda~Vi\'{e}gas and
    Oriol~Vinyals and
    Pete~Warden and
    Martin~Wattenberg and
    Martin~Wicke and
    Yuan~Yu and
    Xiaoqiang~Zheng},
  year={2015},
}
@ARTICLE{2018Gomez,
       author = {{Gomez Gonzalez}, C.~A. and {Absil}, O. and {Van Droogenbroeck}, M.},
        title = "{Supervised detection of exoplanets in high-contrast imaging sequences}",
      journal = {\aap},
     keywords = {methods: data analysis, techniques: high angular resolution, techniques: imaging spectroscopy, planetary systems, planets and satellites: detection, Astrophysics - Instrumentation and Methods for Astrophysics},
         year = 2018,
        month = may,
       volume = {613},
          eid = {A71},
        pages = {A71},
          doi = {10.1051/0004-6361/201731961},
archivePrefix = {arXiv},
       eprint = {1712.02841},
 primaryClass = {astro-ph.IM},
       adsurl = {https://ui.adsabs.harvard.edu/abs/2018A&A...613A..71G},
      adsnote = {Provided by the SAO/NASA Astrophysics Data System}
}
@ARTICLE{2014Mawet,
       author = {{Mawet}, D. and {Milli}, J. and {Wahhaj}, Z. and {Pelat}, D. and {Absil}, O. and {Delacroix}, C. and {Boccaletti}, A. and {Kasper}, M. and {Kenworthy}, M. and {Marois}, C. and {Mennesson}, B. and {Pueyo}, L.},
        title = "{Fundamental Limitations of High Contrast Imaging Set by Small Sample Statistics}",
      journal = {\apj},
     keywords = {methods: statistical, techniques: high angular resolution, Astrophysics - Instrumentation and Methods for Astrophysics},
         year = 2014,
        month = sep,
       volume = {792},
       number = {2},
          eid = {97},
        pages = {97},
          doi = {10.1088/0004-637X/792/2/97},
archivePrefix = {arXiv},
       eprint = {1407.2247},
 primaryClass = {astro-ph.IM},
       adsurl = {https://ui.adsabs.harvard.edu/abs/2014ApJ...792...97M},
      adsnote = {Provided by the SAO/NASA Astrophysics Data System}
}
@ARTICLE{2019MesaPDS70,
       author = {{Mesa}, D. and {Keppler}, M. and {Cantalloube}, F. and {Rodet}, L. and {Charnay}, B. and {Gratton}, R. and {Langlois}, M. and {Boccaletti}, A. and {Bonnefoy}, M. and {Vigan}, A. and {Flasseur}, O. and {Bae}, J. and {Benisty}, M. and {Chauvin}, G. and {de Boer}, J. and {Desidera}, S. and {Henning}, T. and {Lagrange}, A. -M. and {Meyer}, M. and {Milli}, J. and {M{\"u}ller}, A. and {Pairet}, B. and {Zurlo}, A. and {Antoniucci}, S. and {Baudino}, J. -L. and {Brown Sevilla}, S. and {Cascone}, E. and {Cheetham}, A. and {Claudi}, R.~U. and {Delorme}, P. and {D'Orazi}, V. and {Feldt}, M. and {Hagelberg}, J. and {Janson}, M. and {Kral}, Q. and {Lagadec}, E. and {Lazzoni}, C. and {Ligi}, R. and {Maire}, A. -L. and {Martinez}, P. and {Menard}, F. and {Meunier}, N. and {Perrot}, C. and {Petrus}, S. and {Pinte}, C. and {Rickman}, E.~L. and {Rochat}, S. and {Rouan}, D. and {Samland}, M. and {Sauvage}, J. -F. and {Schmidt}, T. and {Udry}, S. and {Weber}, L. and {Wildi}, F.},
        title = "{VLT/SPHERE exploration of the young multiplanetary system PDS70}",
      journal = {\aap},
     keywords = {instrumentation: spectrographs, methods: data analysis, techniques: imaging spectroscopy, planetary systems, stars: individual: PDS70, Astrophysics - Earth and Planetary Astrophysics, Astrophysics - Solar and Stellar Astrophysics},
         year = 2019,
        month = dec,
       volume = {632},
          eid = {A25},
        pages = {A25},
          doi = {10.1051/0004-6361/201936764},
archivePrefix = {arXiv},
       eprint = {1910.11169},
 primaryClass = {astro-ph.EP},
       adsurl = {https://ui.adsabs.harvard.edu/abs/2019A&A...632A..25M},
      adsnote = {Provided by the SAO/NASA Astrophysics Data System}
}
@ARTICLE{2018A&ChristiaensHD142527,
       author = {{Christiaens}, V. and {Casassus}, S. and {Absil}, O. and {Kimeswenger}, S. and {Gomez Gonzalez}, C.~A. and {Girard}, J. and {Ram{\'\i}rez}, R. and {Wertz}, O. and {Zurlo}, A. and {Wahhaj}, Z. and {Flores}, C. and {Salinas}, V. and {Jord{\'a}n}, A. and {Mawet}, D.},
        title = "{Characterization of low-mass companion HD 142527 B}",
      journal = {\aap},
     keywords = {protoplanetary disks, stars: individual: HD 142527, stars: low-mass, binaries: close, stars: pre-main sequence, Astrophysics - Earth and Planetary Astrophysics, Astrophysics - Solar and Stellar Astrophysics},
         year = 2018,
        month = sep,
       volume = {617},
          eid = {A37},
        pages = {A37},
          doi = {10.1051/0004-6361/201629454},
archivePrefix = {arXiv},
       eprint = {1806.04792},
 primaryClass = {astro-ph.EP},
       adsurl = {https://ui.adsabs.harvard.edu/abs/2018A&A...617A..37C},
      adsnote = {Provided by the SAO/NASA Astrophysics Data System}
}
@ARTICLE{2019ChristiaensProto,
       author = {{Christiaens}, V. and {Casassus}, S. and {Absil}, O. and {Cantalloube}, F. and {Gomez Gonzalez}, C. and {Girard}, J. and {Ram{\'\i}rez}, R. and {Pairet}, B. and {Salinas}, V. and {Price}, D.~J. and {Pinte}, C. and {Quanz}, S.~P. and {Jord{\'a}n}, A. and {Mawet}, D. and {Wahhaj}, Z.},
        title = "{Separating extended disc features from the protoplanet in PDS 70 using VLT/SINFONI}",
      journal = {\mnras},
     keywords = {techniques: image processing, planet-disc interactions, protoplanetary discs, stars: individual: PDS 70, Astrophysics - Earth and Planetary Astrophysics},
         year = 2019,
        month = jul,
       volume = {486},
       number = {4},
        pages = {5819-5837},
          doi = {10.1093/mnras/stz1232},
archivePrefix = {arXiv},
       eprint = {1905.01860},
 primaryClass = {astro-ph.EP},
       adsurl = {https://ui.adsabs.harvard.edu/abs/2019MNRAS.486.5819C},
      adsnote = {Provided by the SAO/NASA Astrophysics Data System}
}
@ARTICLE{2018AHoeijmakersMM,
       author = {{Hoeijmakers}, H.~J. and {Schwarz}, H. and {Snellen}, I.~A.~G. and {de Kok}, R.~J. and {Bonnefoy}, M. and {Chauvin}, G. and {Lagrange}, A.~M. and {Girard}, J.~H.},
        title = "{Medium-resolution integral-field spectroscopy for high-contrast exoplanet imaging. Molecule maps of the {\ensuremath{\beta}} Pictoris system with SINFONI}",
      journal = {\aap},
     keywords = {infrared: planetary systems, techniques: imaging spectroscopy, planets and satellites: atmospheres, planets and satellites: detection, planets and satellites: gaseous planets, Astrophysics - Earth and Planetary Astrophysics},
         year = 2018,
        month = oct,
       volume = {617},
          eid = {A144},
        pages = {A144},
          doi = {10.1051/0004-6361/201832902},
archivePrefix = {arXiv},
       eprint = {1802.09721},
 primaryClass = {astro-ph.EP},
       adsurl = {https://ui.adsabs.harvard.edu/abs/2018A&A...617A.144H},
      adsnote = {Provided by the SAO/NASA Astrophysics Data System}
}
@ARTICLE{2021Houllematched,
       author = {{Houll{\'e}}, M. and {Vigan}, A. and {Carlotti}, A. and {Choquet}, {\'E}. and {Cantalloube}, F. and {Phillips}, M.~W. and {Sauvage}, J. -F. and {Schwartz}, N. and {Otten}, G.~P.~P.~L. and {Baraffe}, I. and {Emsenhuber}, A. and {Mordasini}, C.},
        title = "{Direct imaging and spectroscopy of exoplanets with the ELT/HARMONI high-contrast module}",
      journal = {\aap},
     keywords = {instrumentation: high angular resolution, techniques: imaging spectroscopy, infrared: planetary systems, planets and satellites: detection, Astrophysics - Earth and Planetary Astrophysics, Astrophysics - Instrumentation and Methods for Astrophysics},
         year = 2021,
        month = aug,
       volume = {652},
          eid = {A67},
        pages = {A67},
          doi = {10.1051/0004-6361/202140479},
archivePrefix = {arXiv},
       eprint = {2104.11251},
 primaryClass = {astro-ph.EP},
       adsurl = {https://ui.adsabs.harvard.edu/abs/2021A&A...652A..67H},
      adsnote = {Provided by the SAO/NASA Astrophysics Data System}
}
@ARTICLE{2014MawetSNR,
       author = {{Mawet}, D. and {Milli}, J. and {Wahhaj}, Z. and {Pelat}, D. and {Absil}, O. and {Delacroix}, C. and {Boccaletti}, A. and {Kasper}, M. and {Kenworthy}, M. and {Marois}, C. and {Mennesson}, B. and {Pueyo}, L.},
        title = "{Fundamental Limitations of High Contrast Imaging Set by Small Sample Statistics}",
      journal = {\apj},
     keywords = {methods: statistical, techniques: high angular resolution, Astrophysics - Instrumentation and Methods for Astrophysics},
         year = 2014,
        month = sep,
       volume = {792},
       number = {2},
          eid = {97},
        pages = {97},
          doi = {10.1088/0004-637X/792/2/97},
archivePrefix = {arXiv},
       eprint = {1407.2247},
 primaryClass = {astro-ph.IM},
       adsurl = {https://ui.adsabs.harvard.edu/abs/2014ApJ...792...97M},
      adsnote = {Provided by the SAO/NASA Astrophysics Data System}
}
@article{ruffio2019radial,
  title={Radial velocity measurements of HR 8799 b and c with medium resolution spectroscopy},
  author={Ruffio, Jean-Baptiste and Macintosh, Bruce and Konopacky, Quinn M and Barman, Travis and De Rosa, Robert J and Wang, Jason J and Wilcomb, Kielan K and Czekala, Ian and Marois, Christian},
  journal={The Astronomical Journal},
  volume={158},
  number={5},
  pages={200},
  year={2019},
  publisher={IOP Publishing}
}
@ARTICLE{2017AJGomezVIP,
       author = {{Gomez Gonzalez}, Carlos Alberto and {Wertz}, Olivier and {Absil}, Olivier and {Christiaens}, Valentin and {Defr{\`e}re}, Denis and {Mawet}, Dimitri and {Milli}, Julien and {Absil}, Pierre-Antoine and {Van Droogenbroeck}, Marc and {Cantalloube}, Faustine and {Hinz}, Philip M. and {Skemer}, Andrew J. and {Karlsson}, Mikael and {Surdej}, Jean},
        title = "{VIP: Vortex Image Processing Package for High-contrast Direct Imaging}",
      journal = {\aj},
     keywords = {methods: data analysis, planetary systems, planets and satellites: detection, techniques: high angular resolution, techniques: image processing, Astrophysics - Instrumentation and Methods for Astrophysics},
         year = 2017,
        month = jul,
       volume = {154},
       number = {1},
          eid = {7},
        pages = {7},
          doi = {10.3847/1538-3881/aa73d7},
archivePrefix = {arXiv},
       eprint = {1705.06184},
 primaryClass = {astro-ph.IM},
       adsurl = {https://ui.adsabs.harvard.edu/abs/2017AJ....154....7G},
      adsnote = {Provided by the SAO/NASA Astrophysics Data System}
}
@INPROCEEDINGS{2022SFlasseurDL,
       author = {{Flasseur}, Olivier and {Bodrito}, Th{\'e}o. and {Mairal}, Julien and {Ponce}, Jean and {Langlois}, Maud and {Lagrange}, Anne-Marie},
        title = "{Exoplanet detection in angular differential imaging: combining a statistics-based learning with a deep-based learning for improved detections}",
    booktitle = {Adaptive Optics Systems VIII},
         year = 2022,
       editor = {{Schreiber}, Laura and {Schmidt}, Dirk and {Vernet}, Elise},
       series = {Society of Photo-Optical Instrumentation Engineers (SPIE) Conference Series},
       volume = {12185},
        month = aug,
          eid = {121853S},
        pages = {121853S},
          doi = {10.1117/12.2629849},
       adsurl = {https://ui.adsabs.harvard.edu/abs/2022SPIE12185E..3SF},
      adsnote = {Provided by the SAO/NASA Astrophysics Data System}
}
@ARTICLE{2006MaroisADI,
       author = {{Marois}, Christian and {Lafreni{\`e}re}, David and {Doyon}, Ren{\'e} and {Macintosh}, Bruce and {Nadeau}, Daniel},
        title = "{Angular Differential Imaging: A Powerful High-Contrast Imaging Technique}",
      journal = {\apj},
     keywords = {Instrumentation: Adaptive Optics, Stars: Planetary Systems, Stars: Imaging, Astrophysics},
         year = 2006,
        month = apr,
       volume = {641},
       number = {1},
        pages = {556-564},
          doi = {10.1086/500401},
archivePrefix = {arXiv},
       eprint = {astro-ph/0512335},
 primaryClass = {astro-ph},
       adsurl = {https://ui.adsabs.harvard.edu/abs/2006ApJ...641..556M},
      adsnote = {Provided by the SAO/NASA Astrophysics Data System}
}
@ARTICLE{2007ThatteSDI,
       author = {{Thatte}, Niranjan and {Abuter}, Roberto and {Tecza}, Matthias and {Nielsen}, Eric L. and {Clarke}, Fraser J. and {Close}, Laird M.},
        title = "{Very high contrast integral field spectroscopy of AB Doradus C: 9-mag contrast at 0.2arcsec without a coronagraph using spectral deconvolution{\textdagger}}",
      journal = {\mnras},
     keywords = {instrumentation: adaptive optics, instrumentation: spectrographs, binaries: close, stars: individual: AB Doradus C, stars: low-mass, brown dwarfs, Astrophysics},
         year = 2007,
        month = jul,
       volume = {378},
       number = {4},
        pages = {1229-1236},
          doi = {10.1111/j.1365-2966.2007.11717.x},
archivePrefix = {arXiv},
       eprint = {astro-ph/0703565},
 primaryClass = {astro-ph},
       adsurl = {https://ui.adsabs.harvard.edu/abs/2007MNRAS.378.1229T},
      adsnote = {Provided by the SAO/NASA Astrophysics Data System}
}
@ARTICLE{2002SparksSDI,
       author = {{Sparks}, William B. and {Ford}, Holland C.},
        title = "{Imaging Spectroscopy for Extrasolar Planet Detection}",
      journal = {\apj},
     keywords = {Instrumentation: Miscellaneous, Methods: Analytical, Stars: Planetary Systems, Astrophysics},
         year = 2002,
        month = oct,
       volume = {578},
       number = {1},
        pages = {543-564},
          doi = {10.1086/342401},
archivePrefix = {arXiv},
       eprint = {astro-ph/0209078},
 primaryClass = {astro-ph},
       adsurl = {https://ui.adsabs.harvard.edu/abs/2002ApJ...578..543S},
      adsnote = {Provided by the SAO/NASA Astrophysics Data System}
}
@ARTICLE{2019ChristaensASDI,
       author = {{Christiaens}, V. and {Casassus}, S. and {Absil}, O. and {Cantalloube}, F. and {Gomez Gonzalez}, C. and {Girard}, J. and {Ram{\'\i}rez}, R. and {Pairet}, B. and {Salinas}, V. and {Price}, D.~J. and {Pinte}, C. and {Quanz}, S.~P. and {Jord{\'a}n}, A. and {Mawet}, D. and {Wahhaj}, Z.},
        title = "{Separating extended disc features from the protoplanet in PDS 70 using VLT/SINFONI}",
      journal = {\mnras},
     keywords = {techniques: image processing, planet-disc interactions, protoplanetary discs, stars: individual: PDS 70, Astrophysics - Earth and Planetary Astrophysics},
         year = 2019,
        month = jul,
       volume = {486},
       number = {4},
        pages = {5819-5837},
          doi = {10.1093/mnras/stz1232},
archivePrefix = {arXiv},
       eprint = {1905.01860},
 primaryClass = {astro-ph.EP},
       adsurl = {https://ui.adsabs.harvard.edu/abs/2019MNRAS.486.5819C},
      adsnote = {Provided by the SAO/NASA Astrophysics Data System}
}
@ARTICLE{1990ZhangCNN,
       author = {{Zhang}, Wei and {Itoh}, Kazuyoshi and {Tanida}, Jun and {Ichioka}, Yoshiki},
        title = "{Parallel distributed processing model with local space-invariant interconnections and its optical architecture}",
      journal = {\ao},
     keywords = {PATTERN RECOGNITION, OPTICAL PROCESSING, NEURAL NETWORKS, PARALLEL PROCESSING, ARCHITECTURES, INTERCONNECTS},
         year = 1990,
        month = nov,
       volume = {29},
       number = {32},
        pages = {4790-4797},
          doi = {10.1364/AO.29.004790},
       adsurl = {https://ui.adsabs.harvard.edu/abs/1990ApOpt..29.4790Z},
      adsnote = {Provided by the SAO/NASA Astrophysics Data System}
}
@article{1997HocherieterLSTM,
    author = {Hochreiter, Sepp and Schmidhuber, Jürgen},
    title = "{Long Short-Term Memory}",
    journal = {Neural Computation},
    volume = {9},
    number = {8},
    pages = {1735-1780},
    year = {1997},
    month = {11},
    issn = {0899-7667},
    doi = {10.1162/neco.1997.9.8.1735},
    url = {https://doi.org/10.1162/neco.1997.9.8.1735},
    eprint = {https://direct.mit.edu/neco/article-pdf/9/8/1735/813796/neco.1997.9.8.1735.pdf},
}
@Article{2022convLSTM,
author="Liao, JunHua
and Liu, LunXin
and Duan, HaiHan
and Huang, YunZhi
and Zhou, LiangXue
and Chen, LiangYin
and Wang, ChaoHua",
title="Using a Convolutional Neural Network and Convolutional Long Short-term Memory to Automatically Detect Aneurysms on 2D Digital Subtraction Angiography Images: Framework Development and Validation",
journal="JMIR Med Inform",
year="2022",
month="Mar",
day="16",
volume="10",
number="3",
pages="e28880",
keywords="convolutional neural network; convolutional long short-term memory; cerebral aneurysm; deep learning",
issn="2291-9694",
doi="10.2196/28880",
url="https://medinform.jmir.org/2022/3/e28880",
url="https://doi.org/10.2196/28880",
url="http://www.ncbi.nlm.nih.gov/pubmed/35294371"
}
@article{shi2015convolutional,
  title={Convolutional LSTM network: A machine learning approach for precipitation nowcasting},
  author={Shi, Xingjian and Chen, Zhourong and Wang, Hao and Yeung, Dit-Yan and Wong, Wai-Kin and Woo, Wang-chun},
  journal={Advances in neural information processing systems},
  volume={28},
  year={2015}
}
@ARTICLE{2022MatchevUnsupervised,
       author = {{Matchev}, Konstantin T. and {Matcheva}, Katia and {Roman}, Alexander},
        title = "{Unsupervised Machine Learning for Exploratory Data Analysis of Exoplanet Transmission Spectra}",
      journal = {psj},
     keywords = {Clustering, Principal component analysis, Dimensionality reduction, Transmission spectroscopy, Radiative transfer, Exoplanet atmospheres, 1908, 1944, 1943, 2133, 1335, 487, Astrophysics - Earth and Planetary Astrophysics, Computer Science - Machine Learning, Physics - Data Analysis, Statistics and Probability},
         year = 2022,
        month = sep,
       volume = {3},
       number = {9},
          eid = {205},
        pages = {205},
          doi = {10.3847/PSJ/ac880b},
archivePrefix = {arXiv},
       eprint = {2201.02696},
 primaryClass = {astro-ph.EP},
       adsurl = {https://ui.adsabs.harvard.edu/abs/2022PSJ.....3..205M},
      adsnote = {Provided by the SAO/NASA Astrophysics Data System}
}
@INPROCEEDINGS{2022Baumeister,
       author = {{Baumeister}, Philipp and {Tosi}, Nicola and {Grenfell}, John Lee and {Mackenzie}, Jasmine},
        title = "{Rapid characterization of exoplanets interiors with Mixture Density Networks}",
    booktitle = {44th COSPAR Scientific Assembly. Held 16-24 July},
         year = 2022,
       volume = {44},
        month = jul,
        pages = {577},
       adsurl = {https://ui.adsabs.harvard.edu/abs/2022cosp...44..577B},
      adsnote = {Provided by the SAO/NASA Astrophysics Data System}
}
@ARTICLE{2022AgnesDetection,
       author = {{Agnes}, Cicy K and {Naveed V}, Akthar and {Chacko}, Anitha Mary M O},
        title = "{ExoSGAN and ExoACGAN: Exoplanet Detection using Adversarial Training Algorithms}",
      journal = {arXiv e-prints},
     keywords = {Astrophysics - Earth and Planetary Astrophysics, Astrophysics - Instrumentation and Methods for Astrophysics, Computer Science - Artificial Intelligence, Computer Science - Machine Learning},
         year = 2022,
        month = jul,
          eid = {arXiv:2207.09665},
        pages = {arXiv:2207.09665},
archivePrefix = {arXiv},
       eprint = {2207.09665},
 primaryClass = {astro-ph.EP},
       adsurl = {https://ui.adsabs.harvard.edu/abs/2022arXiv220709665A},
      adsnote = {Provided by the SAO/NASA Astrophysics Data System}
}
@ARTICLE{2022Gebhard,
       author = {{Gebhard}, Timothy D. and {Bonse}, Markus J. and {Quanz}, Sascha P. and {Sch{\"o}lkopf}, Bernhard},
        title = "{Half-sibling regression meets exoplanet imaging: PSF modeling and subtraction using a flexible, domain knowledge-driven, causal framework}",
      journal = {\aap},
     keywords = {methods: data analysis, techniques: image processing, planets and satellites: detection, Astrophysics - Instrumentation and Methods for Astrophysics, Astrophysics - Earth and Planetary Astrophysics, Computer Science - Machine Learning},
         year = 2022,
        month = oct,
       volume = {666},
          eid = {A9},
        pages = {A9},
          doi = {10.1051/0004-6361/202142529},
archivePrefix = {arXiv},
       eprint = {2204.03439},
 primaryClass = {astro-ph.IM},
       adsurl = {https://ui.adsabs.harvard.edu/abs/2022A&A...666A...9G},
      adsnote = {Provided by the SAO/NASA Astrophysics Data System}
}
@ARTICLE{2019HoeijmakersWavelength,
       author = {{Hoeijmakers}, H.~J. and {Ehrenreich}, D. and {Kitzmann}, D. and {Allart}, R. and {Grimm}, S.~L. and {Seidel}, J.~V. and {Wyttenbach}, A. and {Pino}, L. and {Nielsen}, L.~D. and {Fisher}, C. and {Rimmer}, P.~B. and {Bourrier}, V. and {Cegla}, H.~M. and {Lavie}, B. and {Lovis}, C. and {Patzer}, A.~B.~C. and {Stock}, J.~W. and {Pepe}, F.~V. and {Heng}, K.},
        title = "{VizieR Online Data Catalog: KELT-9 b atmos. model transmission spectra (Hoeijmakers+, 2019)}",
      journal = {VizieR Online Data Catalog},
     keywords = {Stars: double and multiple, Exoplanets, Spectroscopy},
         year = 2019,
        month = jul,
          eid = {J/A+A/627/A165},
        pages = {J/A+A/627/A165},
       adsurl = {https://ui.adsabs.harvard.edu/abs/2019yCat..36270165H},
      adsnote = {Provided by the SAO/NASA Astrophysics Data System}
}
@MISC{2022Molliere,
       author = {{Molli{\`e}re}, Paul and {Nasedkin}, Evert and {Alei}, Eleonora and {Molaverdikhani}, Karan and {Zilinskas}, Mantas},
        title = "{petitRADTRANS: Exoplanet spectra calculator}",
     keywords = {Software},
 howpublished = {Astrophysics Source Code Library, record ascl:2207.014},
         year = 2022,
        month = jul,
          eid = {ascl:2207.014},
        pages = {ascl:2207.014},
archivePrefix = {ascl},
       eprint = {2207.014},
       adsurl = {https://ui.adsabs.harvard.edu/abs/2022ascl.soft07014M},
      adsnote = {Provided by the SAO/NASA Astrophysics Data System}
}
@ARTICLE{2018Aoyama,
       author = {{Aoyama}, Yuhiko and {Ikoma}, Masahiro and {Tanigawa}, Takayuki},
        title = "{Theoretical Model of Hydrogen Line Emission from Accreting Gas Giants}",
      journal = {\apj},
     keywords = {accretion, accretion disks, line: formation, planets and satellites: detection, planets and satellites: formation, radiative transfer, Astrophysics - Earth and Planetary Astrophysics},
         year = 2018,
        month = oct,
       volume = {866},
       number = {2},
          eid = {84},
        pages = {84},
          doi = {10.3847/1538-4357/aadc11},
archivePrefix = {arXiv},
       eprint = {1808.06776},
 primaryClass = {astro-ph.EP},
       adsurl = {https://ui.adsabs.harvard.edu/abs/2018ApJ...866...84A},
      adsnote = {Provided by the SAO/NASA Astrophysics Data System}
}

@ARTICLE{2018Hoeijmakers,
       author = {{Hoeijmakers}, H.~J. and {Schwarz}, H. and {Snellen}, I.~A.~G. and {de Kok}, R.~J. and {Bonnefoy}, M. and {Chauvin}, G. and {Lagrange}, A.~M. and {Girard}, J.~H.},
        title = "{Medium-resolution integral-field spectroscopy for high-contrast exoplanet imaging. Molecule maps of the {\ensuremath{\beta}} Pictoris system with SINFONI}",
      journal = {\aap},
     keywords = {infrared: planetary systems, techniques: imaging spectroscopy, planets and satellites: atmospheres, planets and satellites: detection, planets and satellites: gaseous planets, Astrophysics - Earth and Planetary Astrophysics},
         year = 2018,
        month = oct,
       volume = {617},
          eid = {A144},
        pages = {A144},
          doi = {10.1051/0004-6361/201832902},
archivePrefix = {arXiv},
       eprint = {1802.09721},
 primaryClass = {astro-ph.EP},
       adsurl = {https://ui.adsabs.harvard.edu/abs/2018A&A...617A.144H},
      adsnote = {Provided by the SAO/NASA Astrophysics Data System}
}
@ARTICLE{2017Ruffio,
       author = {{Ruffio}, Jean-Baptiste and {Macintosh}, Bruce and {Wang}, Jason J. and {Pueyo}, Laurent and {Nielsen}, Eric L. and {De Rosa}, Robert J. and {Czekala}, Ian and {Marley}, Mark S. and {Arriaga}, Pauline and {Bailey}, Vanessa P. and {Barman}, Travis and {Bulger}, Joanna and {Chilcote}, Jeffrey and {Cotten}, Tara and {Doyon}, Rene and {Duch{\^e}ne}, Gaspard and {Fitzgerald}, Michael P. and {Follette}, Katherine B. and {Gerard}, Benjamin L. and {Goodsell}, Stephen J. and {Graham}, James R. and {Greenbaum}, Alexandra Z. and {Hibon}, Pascale and {Hung}, Li-Wei and {Ingraham}, Patrick and {Kalas}, Paul and {Konopacky}, Quinn and {Larkin}, James E. and {Maire}, J{\'e}r{\^o}me and {Marchis}, Franck and {Marois}, Christian and {Metchev}, Stanimir and {Millar-Blanchaer}, Maxwell A. and {Morzinski}, Katie M. and {Oppenheimer}, Rebecca and {Palmer}, David and {Patience}, Jennifer and {Perrin}, Marshall and {Poyneer}, Lisa and {Rajan}, Abhijith and {Rameau}, Julien and {Rantakyr{\"o}}, Fredrik T. and {Savransky}, Dmitry and {Schneider}, Adam C. and {Sivaramakrishnan}, Anand and {Song}, Inseok and {Soummer}, Remi and {Thomas}, Sandrine and {Wallace}, J. Kent and {Ward-Duong}, Kimberly and {Wiktorowicz}, Sloane and {Wolff}, Schuyler},
        title = "{Improving and Assessing Planet Sensitivity of the GPI Exoplanet Survey with a Forward Model Matched Filter}",
      journal = {\apj},
     keywords = {instrumentation: adaptive optics, methods: statistical, planetary systems, surveys, techniques: high angular resolution, techniques: image processing, Astrophysics - Earth and Planetary Astrophysics, Astrophysics - Instrumentation and Methods for Astrophysics},
         year = 2017,
        month = jun,
       volume = {842},
       number = {1},
          eid = {14},
        pages = {14},
          doi = {10.3847/1538-4357/aa72dd},
archivePrefix = {arXiv},
       eprint = {1705.05477},
 primaryClass = {astro-ph.EP},
       adsurl = {https://ui.adsabs.harvard.edu/abs/2017ApJ...842...14R},
      adsnote = {Provided by the SAO/NASA Astrophysics Data System}
}
@ARTICLE{2023Christiaens,
       author = {{Christiaens}, Valentin and {Gonzalez}, Carlos and {Farkas}, Ralf and {Dahlqvist}, Carl-Henrik and {Nasedkin}, Evert and {Milli}, Julien and {Absil}, Olivier and {Ngo}, Henry and {Cantero}, Carles and {Rainot}, Alan and {Hammond}, Iain and {Bonse}, Markus and {Cantalloube}, Faustine and {Vigan}, Arthur and {Kompella}, Vijay and {Hancock}, Paul},
        title = "{VIP: A Python package for high-contrast imaging}",
      journal = {The Journal of Open Source Software},
     keywords = {Python, high-contrast, astronomy, exoplanets, direct imaging},
         year = 2023,
        month = jan,
       volume = {8},
       number = {81},
          eid = {4774},
        pages = {4774},
          doi = {10.21105/joss.04774},
       adsurl = {https://ui.adsabs.harvard.edu/abs/2023JOSS....8.4774C},
      adsnote = {Provided by the SAO/NASA Astrophysics Data System}
}
@ARTICLE{2014Adam,
       author = {{Kingma}, Diederik P. and {Ba}, Jimmy},
        title = "{Adam: A Method for Stochastic Optimization}",
      journal = {arXiv e-prints},
     keywords = {Computer Science - Machine Learning},
         year = 2014,
        month = dec,
          eid = {arXiv:1412.6980},
        pages = {arXiv:1412.6980},
          doi = {10.48550/arXiv.1412.6980},
archivePrefix = {arXiv},
       eprint = {1412.6980},
 primaryClass = {cs.LG},
       adsurl = {https://ui.adsabs.harvard.edu/abs/2014arXiv1412.6980K},
      adsnote = {Provided by the SAO/NASA Astrophysics Data System}
}
@INPROCEEDINGS{2022Ruffio,
       author = {{Ruffio}, Jean-Baptiste and {Konopacky}, Quinn and {Macintosh}, Bruce and {Barman}, Travis and {Agrawal}, Shubh and {Wilcomb}, Kielan and {Nielsen}, Eric and {Mawet}, Dimitri and {Marois}, Christian and {Patience}, Jenny},
        title = "{Probing exoplanet formation with moderate resolution spectroscopy}",
    booktitle = {Bulletin of the American Astronomical Society},
         year = 2022,
       volume = {54},
        month = jun,
          eid = {102.311},
        pages = {102.311},
       adsurl = {https://ui.adsabs.harvard.edu/abs/2022BAAS...54e.311R},
      adsnote = {Provided by the SAO/NASA Astrophysics Data System}
}
@INPROCEEDINGS{2022BWang,
       author = {{Wang}, Jason and {Mawet}, Dimitri and {Jovanovic}, Nemanja and {Ruffio}, Jean-Baptiste and {Delorme}, Jacques-Robert and {Schofield}, Tobais and {Echeverri}, Daniel and {Morris}, Evan and {Finnerty}, Luke and {Xin}, Yinzi and {Horstman}, Katelyn and {Sappey}, Ben and {Xuan}, Wenhao and {KPIC Team}},
        title = "{Surveying Directly Imaged Planets at High Spectral Resolution with KPIC}",
    booktitle = {Bulletin of the American Astronomical Society},
         year = 2022,
       volume = {54},
        month = jun,
          eid = {102.347},
        pages = {102.347},
       adsurl = {https://ui.adsabs.harvard.edu/abs/2022BAAS...54e.347W},
      adsnote = {Provided by the SAO/NASA Astrophysics Data System}
}
@ARTICLE{2019SPHERE,
       author = {{Beuzit}, J. -L. and {Vigan}, A. and {Mouillet}, D. and {Dohlen}, K. and {Gratton}, R. and {Boccaletti}, A. and {Sauvage}, J. -F. and {Schmid}, H.~M. and {Langlois}, M. and {Petit}, C. and {Baruffolo}, A. and {Feldt}, M. and {Milli}, J. and {Wahhaj}, Z. and {Abe}, L. and {Anselmi}, U. and {Antichi}, J. and {Barette}, R. and {Baudrand}, J. and {Baudoz}, P. and {Bazzon}, A. and {Bernardi}, P. and {Blanchard}, P. and {Brast}, R. and {Bruno}, P. and {Buey}, T. and {Carbillet}, M. and {Carle}, M. and {Cascone}, E. and {Chapron}, F. and {Charton}, J. and {Chauvin}, G. and {Claudi}, R. and {Costille}, A. and {De Caprio}, V. and {de Boer}, J. and {Delboulb{\'e}}, A. and {Desidera}, S. and {Dominik}, C. and {Downing}, M. and {Dupuis}, O. and {Fabron}, C. and {Fantinel}, D. and {Farisato}, G. and {Feautrier}, P. and {Fedrigo}, E. and {Fusco}, T. and {Gigan}, P. and {Ginski}, C. and {Girard}, J. and {Giro}, E. and {Gisler}, D. and {Gluck}, L. and {Gry}, C. and {Henning}, T. and {Hubin}, N. and {Hugot}, E. and {Incorvaia}, S. and {Jaquet}, M. and {Kasper}, M. and {Lagadec}, E. and {Lagrange}, A. -M. and {Le Coroller}, H. and {Le Mignant}, D. and {Le Ruyet}, B. and {Lessio}, G. and {Lizon}, J. -L. and {Llored}, M. and {Lundin}, L. and {Madec}, F. and {Magnard}, Y. and {Marteaud}, M. and {Martinez}, P. and {Maurel}, D. and {M{\'e}nard}, F. and {Mesa}, D. and {M{\"o}ller-Nilsson}, O. and {Moulin}, T. and {Moutou}, C. and {Orign{\'e}}, A. and {Parisot}, J. and {Pavlov}, A. and {Perret}, D. and {Pragt}, J. and {Puget}, P. and {Rabou}, P. and {Ramos}, J. and {Reess}, J. -M. and {Rigal}, F. and {Rochat}, S. and {Roelfsema}, R. and {Rousset}, G. and {Roux}, A. and {Saisse}, M. and {Salasnich}, B. and {Santambrogio}, E. and {Scuderi}, S. and {Segransan}, D. and {Sevin}, A. and {Siebenmorgen}, R. and {Soenke}, C. and {Stadler}, E. and {Suarez}, M. and {Tiph{\`e}ne}, D. and {Turatto}, M. and {Udry}, S. and {Vakili}, F. and {Waters}, L.~B.~F.~M. and {Weber}, L. and {Wildi}, F. and {Zins}, G. and {Zurlo}, A.},
        title = "{SPHERE: the exoplanet imager for the Very Large Telescope}",
      journal = {\aap},
     keywords = {instrumentation: high angular resolution, instrumentation: adaptive optics, instrumentation: polarimeters, instrumentation: spectrographs, planets and satellites: detection, Astrophysics - Instrumentation and Methods for Astrophysics, Astrophysics - Earth and Planetary Astrophysics},
         year = 2019,
        month = nov,
       volume = {631},
          eid = {A155},
        pages = {A155},
          doi = {10.1051/0004-6361/201935251},
archivePrefix = {arXiv},
       eprint = {1902.04080},
 primaryClass = {astro-ph.IM},
       adsurl = {https://ui.adsabs.harvard.edu/abs/2019A&A...631A.155B},
      adsnote = {Provided by the SAO/NASA Astrophysics Data System}
}
@ARTICLE{2019PICASO,
       author = {{Batalha}, Natasha E. and {Marley}, Mark S. and {Lewis}, Nikole K. and {Fortney}, Jonathan J.},
        title = "{Exoplanet Reflected-light Spectroscopy with PICASO}",
      journal = {\apj},
     keywords = {planetary systems, techniques: spectroscopic, Astrophysics - Earth and Planetary Astrophysics},
         year = 2019,
        month = jun,
       volume = {878},
       number = {1},
          eid = {70},
        pages = {70},
          doi = {10.3847/1538-4357/ab1b51},
archivePrefix = {arXiv},
       eprint = {1904.09355},
 primaryClass = {astro-ph.EP},
       adsurl = {https://ui.adsabs.harvard.edu/abs/2019ApJ...878...70B},
      adsnote = {Provided by the SAO/NASA Astrophysics Data System}
}
@ARTICLE{2023Wangabund,
       author = {{Wang}, Ji and {Wang}, Jason J. and {Ruffio}, Jean-Baptiste and {Blake}, Geoffrey A. and {Mawet}, Dimitri and {Baker}, Ashley and {Bartos}, Randall and {Bond}, Charlotte Z. and {Calvin}, Benjamin and {Cetre}, Sylvain and {Delorme}, Jacques-Robert and {Doppmann}, Greg and {Echeverri}, Daniel and {Finnerty}, Luke and {Fitzgerald}, Michael P. and {Jovanovic}, Nemanja and {Lopez}, Ronald and {Martin}, Emily C. and {Morris}, Evan and {Pezzato}, Jacklyn and {Ragland}, Sam and {Ruane}, Garreth and {Sappey}, Ben and {Schofield}, Tobias and {Skemer}, Andrew and {Venenciano}, Taylor and {Wallace}, J. Kent and {Wizinowich}, Peter and {Xuan}, Jerry W. and {Bryan}, Marta L. and {Roy}, Arpita and {Wallack}, Nicole L.},
        title = "{Retrieving C and O Abundance of HR 8799 c by Combining High- and Low-resolution Data}",
      journal = {\aj},
     keywords = {Exoplanet atmospheres, 487, Astrophysics - Earth and Planetary Astrophysics, Astrophysics - Solar and Stellar Astrophysics},
         year = 2023,
        month = jan,
       volume = {165},
       number = {1},
          eid = {4},
        pages = {4},
          doi = {10.3847/1538-3881/ac9f19},
archivePrefix = {arXiv},
       eprint = {2209.15484},
 primaryClass = {astro-ph.EP},
       adsurl = {https://ui.adsabs.harvard.edu/abs/2023AJ....165....4W},
      adsnote = {Provided by the SAO/NASA Astrophysics Data System}
}
@INPROCEEDINGS{2023AlemanMetall,
       author = {{Aleman}, Arlene and {Macintosh}, Bruce and {Lacy}, Brianna and {Groff}, Tyler and {Zimmerman}, Neil and {Bailey}, Vanessa},
        title = "{Constraining Metallicity and Gravity of Young Exoplanets with the Nancy Grace Roman Space Telescope's Coronagraph Instrument}",
    booktitle = {American Astronomical Society Meeting Abstracts},
         year = 2023,
       series = {American Astronomical Society Meeting Abstracts},
       volume = {55},
        month = jan,
          eid = {164.07},
        pages = {164.07},
       adsurl = {https://ui.adsabs.harvard.edu/abs/2023AAS...24116407A},
      adsnote = {Provided by the SAO/NASA Astrophysics Data System}
}
@article{2021Christiaens,
    author ={Christiaens, V and Ubeira-Gabellini, M-G and Cánovas, H and Delorme, P and Pairet, B and Absil, O and Casassus, S and Girard, J H and Zurlo, A and Aoyama, Y and Marleau, G-D and Spina, L and van der Marel, N and Cieza, L and Lodato, G and Pérez, S and Pinte, C and Price, D J and Reggiani, M},
    title = "{A faint companion around CrA-9: protoplanet or obscured binary?}",
    journal = {Monthly Notices of the Royal Astronomical Society},
    volume = {502},
    number = {4},
    pages = {6117-6139},
    year = {2021},
    month = {02},
    abstract = "{Understanding how giant planets form requires observational input from directly imaged protoplanets. We used VLT/NACO and VLT/SPHERE to search for companions in the transition disc of 2MASS J19005804-3645048 (hereafter CrA-9), an accreting M0.75 dwarf with an estimated age of 1–2 Myr. We found a faint point source at ∼0.7-arcsec separation from CrA-9 (∼108 au projected separation). Our 3-epoch astrometry rejects a fixed background star with a 5σ significance. The near-IR absolute magnitudes of the object point towards a planetary-mass companion. However, our analysis of the 1.0–3.8\\$\\,\\mu\\$m spectrum extracted for the companion suggests it is a young M5.5 dwarf, based on both the 1.13-μm Na index and comparison with templates of the Montreal Spectral Library. The observed spectrum is best reproduced with high effective temperature (\\$3057^\\{+119\\}\_\\{-36\\}\\$K) BT-DUSTY and BT-SETTL models, but the corresponding photometric radius required to match the measured flux is only \\$0.60^\\{+0.01\\}\_\\{-0.04\\}\\$ Jovian radius. We discuss possible explanations to reconcile our measurements, including an M-dwarf companion obscured by an edge-on circum-secondary disc or the shock-heated part of the photosphere of an accreting protoplanet. Follow-up observations covering a larger wavelength range and/or at finer spectral resolution are required to discriminate these two scenarios.}",
    issn = {0035-8711},
    doi = {10.1093/mnras/stab480},
    url = {https://doi.org/10.1093/mnras/stab480},
    eprint = {https://academic.oup.com/mnras/article-pdf/502/4/6117/36524898/stab480.pdf},
}
@ARTICLE{2012Tennyson,
       author = {{Tennyson}, Jonathan and {Yurchenko}, Sergei N.},
        title = "{ExoMol: molecular line lists for exoplanet and other atmospheres}",
     keywords = {molecular data, opacity, astronomical data bases: miscellaneous, planets and satellites: atmospheres, stars: low-mass, Astrophysics - Earth and Planetary Astrophysics, Astrophysics - Solar and Stellar Astrophysics},
         year = 2012,
        month = sep,
       volume = {425},
       number = {1},
        pages = {21-33},
          doi = {10.1111/j.1365-2966.2012.21440.x},
archivePrefix = {arXiv},
       eprint = {1204.0124},
 primaryClass = {astro-ph.EP},
       adsurl = {https://ui.adsabs.harvard.edu/abs/2012MNRAS.425...21T},
      adsnote = {Provided by the SAO/NASA Astrophysics Data System}
}
@ARTICLE{2023Mukherjee,
       author = {{Mukherjee}, Sagnick and {Batalha}, Natasha E. and {Fortney}, Jonathan J. and {Marley}, Mark S.},
        title = "{PICASO 3.0: A One-dimensional Climate Model for Giant Planets and Brown Dwarfs}",
      journal = {\apj},
     keywords = {Brown dwarfs, Exoplanets, 185, 498, Astrophysics - Earth and Planetary Astrophysics, Astrophysics - Solar and Stellar Astrophysics},
         year = 2023,
        month = jan,
       volume = {942},
       number = {2},
          eid = {71},
        pages = {71},
          doi = {10.3847/1538-4357/ac9f48},
archivePrefix = {arXiv},
       eprint = {2208.07836},
 primaryClass = {astro-ph.EP},
       adsurl = {https://ui.adsabs.harvard.edu/abs/2023ApJ...942...71M},
      adsnote = {Provided by the SAO/NASA Astrophysics Data System}
}
@ARTICLE{2023PalmaBifani,
       author = {{Palma-Bifani}, P. and {Chauvin}, G. and {Bonnefoy}, M. and {Rojo}, P.~M. and {Petrus}, S. and {Rodet}, L. and {Langlois}, M. and {Allard}, F. and {Charnay}, B. and {Desgrange}, C. and {Homeier}, D. and {Lagrange}, A. -M. and {Beuzit}, J. -L. and {Baudoz}, P. and {Boccaletti}, A. and {Chomez}, A. and {Delorme}, P. and {Desidera}, S. and {Feldt}, M. and {Ginski}, C. and {Gratton}, R. and {Maire}, A. -L. and {Meyer}, M. and {Samland}, M. and {Snellen}, I. and {Vigan}, A. and {Zhang}, Y.},
        title = "{Peering into the young planetary system AB Pic. Atmosphere, orbit, obliquity, and second planetary candidate}",
      journal = {\aap},
     keywords = {planets and satellites: atmospheres, planets and satellites: gaseous planets, planets and satellites: formation, brown dwarfs, instrumentation: spectrographs, instrumentation: photometers, Astrophysics - Earth and Planetary Astrophysics},
         year = 2023,
        month = feb,
       volume = {670},
          eid = {A90},
        pages = {A90},
          doi = {10.1051/0004-6361/202244294},
archivePrefix = {arXiv},
       eprint = {2211.01474},
 primaryClass = {astro-ph.EP},
       adsurl = {https://ui.adsabs.harvard.edu/abs/2023A&A...670A..90P},
      adsnote = {Provided by the SAO/NASA Astrophysics Data System}
}
@ARTICLE{2017Lavie,
       author = {{Lavie}, Baptiste and {Mendon{\c{c}}a}, Jo{\~a}o M. and {Mordasini}, Christoph and {Malik}, Matej and {Bonnefoy}, Micka{\"e}l and {Demory}, Brice-Olivier and {Oreshenko}, Maria and {Grimm}, Simon L. and {Ehrenreich}, David and {Heng}, Kevin},
        title = "{HELIOS-RETRIEVAL: An Open-source, Nested Sampling Atmospheric Retrieval Code; Application to the HR 8799 Exoplanets and Inferred Constraints for Planet Formation}",
      journal = {\aj},
     keywords = {methods: statistical, planets and satellites: atmospheres, planets and satellites: composition, planets and satellites: formation, planets and satellites: gaseous planets, planets and satellites: individual: HR 8799, Astrophysics - Earth and Planetary Astrophysics, Physics - Atmospheric and Oceanic Physics},
         year = 2017,
        month = sep,
       volume = {154},
       number = {3},
          eid = {91},
        pages = {91},
          doi = {10.3847/1538-3881/aa7ed8},
archivePrefix = {arXiv},
       eprint = {1610.03216},
 primaryClass = {astro-ph.EP},
       adsurl = {https://ui.adsabs.harvard.edu/abs/2017AJ....154...91L},
      adsnote = {Provided by the SAO/NASA Astrophysics Data System}
}
@ARTICLE{2021Ruffio,
       author = {{Ruffio}, Jean-Baptiste and {Konopacky}, Quinn M. and {Barman}, Travis and {Macintosh}, Bruce and {Hoch}, Kielan K.~W. and {De Rosa}, Robert J. and {Wang}, Jason J. and {Czekala}, Ian and {Marois}, Christian},
        title = "{Deep Exploration of the Planets HR 8799 b, c, and d with Moderate-resolution Spectroscopy}",
      journal = {\aj},
     keywords = {509, 2021, 387, 492, Astrophysics - Earth and Planetary Astrophysics, Astrophysics - Instrumentation and Methods for Astrophysics},
         year = 2021,
        month = dec,
       volume = {162},
       number = {6},
          eid = {290},
        pages = {290},
          doi = {10.3847/1538-3881/ac273a},
archivePrefix = {arXiv},
       eprint = {2109.07614},
 primaryClass = {astro-ph.EP},
       adsurl = {https://ui.adsabs.harvard.edu/abs/2021AJ....162..290R},
      adsnote = {Provided by the SAO/NASA Astrophysics Data System}
}


@ARTICLE{2021Kiefer,
       author = {{Kiefer}, S. and {Bohn}, A.~J. and {Quanz}, S.~P. and {Kenworthy}, M. and {Stolker}, T.},
        title = "{Spectral and angular differential imaging with SPHERE/IFS. Assessing the performance of various PCA-based approaches to PSF subtraction}",
      journal = {\aap},
     keywords = {instrumentation: high angular resolution, techniques: image processing, planets and satellites: detection, planets and satellites: individual: {\ensuremath{\beta}} Pictoris b, planets and satellites: individual: 51 Eridani b, planets and satellites: individual: HR 8799 e, Astrophysics - Instrumentation and Methods for Astrophysics, Astrophysics - Earth and Planetary Astrophysics},
         year = 2021,
        month = aug,
       volume = {652},
          eid = {A33},
        pages = {A33},
          doi = {10.1051/0004-6361/202140285},
archivePrefix = {arXiv},
       eprint = {2106.05278},
 primaryClass = {astro-ph.IM},
       adsurl = {https://ui.adsabs.harvard.edu/abs/2021A&A...652A..33K},
      adsnote = {Provided by the SAO/NASA Astrophysics Data System}
}
@ARTICLE{2012Amara,
       author = {{Amara}, Adam and {Quanz}, Sascha P.},
        title = "{PYNPOINT: an image processing package for finding exoplanets}",
      journal = {\mnras},
     keywords = {methods: data analysis, techniques: image processing, planets and satellites: detection, Astrophysics - Instrumentation and Methods for Astrophysics, Astrophysics - Earth and Planetary Astrophysics},
         year = 2012,
        month = dec,
       volume = {427},
       number = {2},
        pages = {948-955},
          doi = {10.1111/j.1365-2966.2012.21918.x},
archivePrefix = {arXiv},
       eprint = {1207.6637},
 primaryClass = {astro-ph.IM},
       adsurl = {https://ui.adsabs.harvard.edu/abs/2012MNRAS.427..948A},
      adsnote = {Provided by the SAO/NASA Astrophysics Data System}
}
@ARTICLE{2023Malin,
       author = {{M{\^a}lin}, M. and {Boccaletti}, A. and {Charnay}, B. and {Kiefer}, F. and {B{\'e}zard}, B.},
        title = "{Simulated performance of the molecular mapping for young giant exoplanets with the Medium Resolution Spectrometer of JWST/MIRI}",
      journal = {arXiv e-prints},
     keywords = {Astrophysics - Earth and Planetary Astrophysics, Astrophysics - Instrumentation and Methods for Astrophysics},
         year = 2023,
        month = jan,
          eid = {arXiv:2301.02116},
        pages = {arXiv:2301.02116},
          doi = {10.48550/arXiv.2301.02116},
archivePrefix = {arXiv},
       eprint = {2301.02116},
 primaryClass = {astro-ph.EP},
       adsurl = {https://ui.adsabs.harvard.edu/abs/2023arXiv230102116M},
      adsnote = {Provided by the SAO/NASA Astrophysics Data System}
}
@ARTICLE{2018Petit,
       author = {{Petit dit de la Roche}, D.~J.~M. and {Hoeijmakers}, H.~J. and {Snellen}, I.~A.~G.},
        title = "{Molecule mapping of HR8799b using OSIRIS on Keck. Strong detection of water and carbon monoxide, but no methane}",
      journal = {\aap},
     keywords = {planets and satellites: atmospheres, methods: data analysis, techniques: spectroscopic, infrared: planetary systems, Astrophysics - Earth and Planetary Astrophysics},
         year = 2018,
        month = aug,
       volume = {616},
          eid = {A146},
        pages = {A146},
          doi = {10.1051/0004-6361/201833384},
archivePrefix = {arXiv},
       eprint = {1808.10790},
 primaryClass = {astro-ph.EP},
       adsurl = {https://ui.adsabs.harvard.edu/abs/2018A&A...616A.146P},
      adsnote = {Provided by the SAO/NASA Astrophysics Data System}
}
@INPROCEEDINGS{2021Wang,
       author = {{Wang}, Jason J. and {Delorme}, Jacques-Robert and {Ruffio}, Jean-Baptiste and {Morris}, Evan and {Jovanovic}, Nemanja and {Echeverri}, Daniel and {Schofield}, Tobias and {Pezzato}, Jacklyn and {Skemer}, Andy and {Mawet}, Dimitri},
        title = "{High resolution spectroscopy of directly imaged exoplanets with KPIC}",
    booktitle = {Techniques and Instrumentation for Detection of Exoplanets X},
         year = 2021,
       editor = {{Shaklan}, Stuart B. and {Ruane}, Garreth J.},
       series = {Society of Photo-Optical Instrumentation Engineers (SPIE) Conference Series},
       volume = {11823},
        month = sep,
          eid = {1182302},
        pages = {1182302},
          doi = {10.1117/12.2596484},
       adsurl = {https://ui.adsabs.harvard.edu/abs/2021SPIE11823E..02W},
      adsnote = {Provided by the SAO/NASA Astrophysics Data System}
}
@ARTICLE{2019Baron,
       author = {{Baron}, Dalya},
        title = "{Machine Learning in Astronomy: a practical overview}",
      journal = {arXiv e-prints},
     keywords = {Astrophysics - Instrumentation and Methods for Astrophysics},
         year = 2019,
        month = apr,
          eid = {arXiv:1904.07248},
        pages = {arXiv:1904.07248},
          doi = {10.48550/arXiv.1904.07248},
archivePrefix = {arXiv},
       eprint = {1904.07248},
 primaryClass = {astro-ph.IM},
       adsurl = {https://ui.adsabs.harvard.edu/abs/2019arXiv190407248B},
      adsnote = {Provided by the SAO/NASA Astrophysics Data System}
}
@ARTICLE{2010IBall,
       author = {{Ball}, Nicholas M. and {Brunner}, Robert J.},
        title = "{Data Mining and Machine Learning in Astronomy}",
      journal = {International Journal of Modern Physics D},
     keywords = {Data mining, machine learning, knowledge discovery in databases, astroinformatics, astrostatistics, Virtual Observatory, Astrophysics - Instrumentation and Methods for Astrophysics, Astrophysics - Cosmology and Extragalactic Astrophysics},
         year = 2010,
        month = jan,
       volume = {19},
       number = {7},
        pages = {1049-1106},
          doi = {10.1142/S0218271810017160},
archivePrefix = {arXiv},
       eprint = {0906.2173},
 primaryClass = {astro-ph.IM},
       adsurl = {https://ui.adsabs.harvard.edu/abs/2010IJMPD..19.1049B},
      adsnote = {Provided by the SAO/NASA Astrophysics Data System}
}
@BOOK{2014IVESCI,
       author = {{Ivezi{\'c}}, {\v{Z}}eljko and {Connolly}, Andrew J. and {VanderPlas}, Jacob T. and {Gray}, Alexander},
        title = "{Statistics, Data Mining, and Machine Learning in Astronomy: A Practical Python Guide for the Analysis of Survey Data}",
         year = 2014,
          doi = {10.1515/9781400848911},
       adsurl = {https://ui.adsabs.harvard.edu/abs/2014sdmm.book.....I},
      adsnote = {Provided by the SAO/NASA Astrophysics Data System}
}
@ARTICLE{2020Fluke,
       author = {{Fluke}, Christopher J. and {Jacobs}, Colin},
        title = "{Surveying the reach and maturity of machine learning and artificial intelligence in astronomy}",
      journal = {WIREs Data Mining and Knowledge Discovery},
     keywords = {Astrophysics - Instrumentation and Methods for Astrophysics},
         year = 2020,
        month = jan,
       volume = {10},
       number = {2},
          eid = {e1349},
        pages = {e1349},
          doi = {10.1002/widm.1349},
archivePrefix = {arXiv},
       eprint = {1912.02934},
 primaryClass = {astro-ph.IM},
       adsurl = {https://ui.adsabs.harvard.edu/abs/2020WDMKD..10.1349F},
      adsnote = {Provided by the SAO/NASA Astrophysics Data System}
}
@ARTICLE{2018Miettinen,
       author = {{Miettinen}, O.},
        title = "{Protostellar classification using supervised machine learning algorithms}",
      journal = {\apss},
     keywords = {Methods: data analysis, Stars: formation, Stars: protostars, Astrophysics - Astrophysics of Galaxies, Physics - Computational Physics},
         year = 2018,
        month = sep,
       volume = {363},
       number = {9},
          eid = {197},
        pages = {197},
          doi = {10.1007/s10509-018-3418-7},
archivePrefix = {arXiv},
       eprint = {1808.08371},
 primaryClass = {astro-ph.GA},
       adsurl = {https://ui.adsabs.harvard.edu/abs/2018Ap&SS.363..197M},
      adsnote = {Provided by the SAO/NASA Astrophysics Data System}
}
@ARTICLE{2018Naul,
       author = {{Naul}, Brett and {Bloom}, Joshua S. and {P{\'e}rez}, Fernando and {van der Walt}, St{\'e}fan},
        title = "{A recurrent neural network for classification of unevenly sampled variable stars}",
      journal = {Nature Astronomy},
     keywords = {Astrophysics - Instrumentation and Methods for Astrophysics, Astrophysics - Solar and Stellar Astrophysics, Physics - Data Analysis, Statistics and Probability},
         year = 2018,
        month = nov,
       volume = {2},
        pages = {151-155},
          doi = {10.1038/s41550-017-0321-z},
archivePrefix = {arXiv},
       eprint = {1711.10609},
 primaryClass = {astro-ph.IM},
       adsurl = {https://ui.adsabs.harvard.edu/abs/2018NatAs...2..151N},
      adsnote = {Provided by the SAO/NASA Astrophysics Data System}
}

@ARTICLE{2019Leung,
       author = {{Leung}, Henry W. and {Bovy}, Jo},
        title = "{Deep learning of multi-element abundances from high-resolution spectroscopic data}",
      journal = {\mnras},
     keywords = {methods: data analysis, techniques: spectroscopic, stars: abundances, stars: fundamental parameters, Astrophysics - Astrophysics of Galaxies, Astrophysics - Instrumentation and Methods for Astrophysics},
         year = 2019,
        month = mar,
       volume = {483},
       number = {3},
        pages = {3255-3277},
          doi = {10.1093/mnras/sty3217},
archivePrefix = {arXiv},
       eprint = {1808.04428},
 primaryClass = {astro-ph.GA},
       adsurl = {https://ui.adsabs.harvard.edu/abs/2019MNRAS.483.3255L},
      adsnote = {Provided by the SAO/NASA Astrophysics Data System}
}
@ARTICLE{2018Pearson,
       author = {{Pearson}, Kyle A. and {Palafox}, Leon and {Griffith}, Caitlin A.},
        title = "{Searching for exoplanets using artificial intelligence}",
      journal = {\mnras},
     keywords = {Astrophysics - Instrumentation and Methods for Astrophysics, Astrophysics - Earth and Planetary Astrophysics},
         year = 2018,
        month = feb,
       volume = {474},
       number = {1},
        pages = {478-491},
          doi = {10.1093/mnras/stx2761},
archivePrefix = {arXiv},
       eprint = {1706.04319},
 primaryClass = {astro-ph.IM},
       adsurl = {https://ui.adsabs.harvard.edu/abs/2018MNRAS.474..478P},
      adsnote = {Provided by the SAO/NASA Astrophysics Data System}
}
@ARTICLE{2016A&AGomez,
       author = {{Gomez Gonzalez}, C.~A. and {Absil}, O. and {Absil}, P. -A. and {Van Droogenbroeck}, M. and {Mawet}, D. and {Surdej}, J.},
        title = "{Low-rank plus sparse decomposition for exoplanet detection in direct-imaging ADI sequences. The LLSG algorithm}",
      journal = {\aap},
     keywords = {methods: data analysis, techniques: high angular resolution, techniques: image processing, planetary systems, planets and satellites: detection, Astrophysics - Instrumentation and Methods for Astrophysics, Astrophysics - Earth and Planetary Astrophysics},
         year = 2016,
        month = may,
       volume = {589},
          eid = {A54},
        pages = {A54},
          doi = {10.1051/0004-6361/201527387},
archivePrefix = {arXiv},
       eprint = {1602.08381},
 primaryClass = {astro-ph.IM},
       adsurl = {https://ui.adsabs.harvard.edu/abs/2016A&A...589A..54G},
      adsnote = {Provided by the SAO/NASA Astrophysics Data System}
}
@ARTICLE{2014Meshkat,
       author = {{Meshkat}, Tiffany and {Kenworthy}, Matthew A. and {Quanz}, Sascha P. and {Amara}, Adam},
        title = "{Optimized Principal Component Analysis on Coronagraphic Images of the Fomalhaut System}",
      journal = {\apj},
     keywords = {methods: data analysis, planets and satellites: detection, stars: individual: Fomalhaut, techniques: image processing, Astrophysics - Earth and Planetary Astrophysics, Astrophysics - Instrumentation and Methods for Astrophysics},
         year = 2014,
        month = jan,
       volume = {780},
       number = {1},
          eid = {17},
        pages = {17},
          doi = {10.1088/0004-637X/780/1/17},
archivePrefix = {arXiv},
       eprint = {1310.8577},
 primaryClass = {astro-ph.EP},
       adsurl = {https://ui.adsabs.harvard.edu/abs/2014ApJ...780...17M},
      adsnote = {Provided by the SAO/NASA Astrophysics Data System}
}

@INPROCEEDINGS{2021LIFE,
       author = {{Angerhausen}, Daniel and {Quanz}, Sascha},
        title = "{The Large Interferometer For Exoplanets (LIFE) mission: status and progress report}",
    booktitle = {European Planetary Science Congress},
         year = 2021,
        month = sep,
          eid = {EPSC2021-284},
        pages = {EPSC2021-284},
          doi = {10.5194/epsc2021-284},
       adsurl = {https://ui.adsabs.harvard.edu/abs/2021EPSC...15..284A},
      adsnote = {Provided by the SAO/NASA Astrophysics Data System}
}
@ARTICLE{2017RAALi,
       author = {{Li}, Xiang-Ru and {Pan}, Ru-Yang and {Duan}, Fu-Qing},
        title = "{Parameterizing Stellar Spectra Using Deep Neural Networks}",
      journal = {Research in Astronomy and Astrophysics},
     keywords = {Astrophysics - Solar and Stellar Astrophysics},
         year = 2017,
        month = mar,
       volume = {17},
       number = {4},
          eid = {036},
        pages = {036},
          doi = {10.1088/1674-4527/17/4/36},
archivePrefix = {arXiv},
       eprint = {1603.00995},
 primaryClass = {astro-ph.SR},
       adsurl = {https://ui.adsabs.harvard.edu/abs/2017RAA....17...36L},
      adsnote = {Provided by the SAO/NASA Astrophysics Data System}
}
@ARTICLE{2023Nanda,
       author = {{Prakash}, N. Nanda and {Rajesh}, V. and {Namakhwa}, Dumisani Lickson and {Dwarkanath Pande}, Sandeep and {Ahammad}, Sk Hasane},
        title = "{A DenseNet CNN-based liver lesion prediction and classification for future medical diagnosis}",
      journal = {Scientific African},
     keywords = {DenseNet CNN, Liver lesion detection, Segmentation, Classification},
         year = 2023,
        month = jul,
       volume = {20},
          eid = {e01629},
        pages = {e01629},
          doi = {10.1016/j.sciaf.2023.e01629},
       adsurl = {https://ui.adsabs.harvard.edu/abs/2023SciAf..2001629P},
      adsnote = {Provided by the SAO/NASA Astrophysics Data System}
}
@ARTICLE{2023Zhao,
       author = {{Zhao}, Guiyu and {Qiu}, Bo and {Luo}, A-Li and {Guo}, Xiaoyu and {Yao}, Lin and {Wang}, Kun and {Liu}, Yuanbo},
        title = "{Deep Learning Applications Based on WISE Infrared Data: Classification of Stars, Galaxies and Quasars}",
      journal = {arXiv e-prints},
     keywords = {Astrophysics - Instrumentation and Methods for Astrophysics, Computer Science - Computer Vision and Pattern Recognition},
         year = 2023,
        month = may,
          eid = {arXiv:2305.10217},
        pages = {arXiv:2305.10217},
          doi = {10.48550/arXiv.2305.10217},
archivePrefix = {arXiv},
       eprint = {2305.10217},
 primaryClass = {astro-ph.IM},
       adsurl = {https://ui.adsabs.harvard.edu/abs/2023arXiv230510217Z},
      adsnote = {Provided by the SAO/NASA Astrophysics Data System}
}

@ARTICLE{2019MNRASFischer,
       author = {{Fischer}, J. -L. and {Dom{\'\i}nguez S{\'a}nchez}, H. and {Bernardi}, M.},
        title = "{SDSS-IV MaNGA PyMorph Photometric and Deep Learning Morphological Catalogues and implications for bulge properties and stellar angular momentum}",
      journal = {\mnras},
     keywords = {galaxies: fundamental parameters, galaxies: photometry, galaxies: structure, Astrophysics - Astrophysics of Galaxies, Astrophysics - Cosmology and Nongalactic Astrophysics},
         year = 2019,
        month = feb,
       volume = {483},
       number = {2},
        pages = {2057-2077},
          doi = {10.1093/mnras/sty3135},
archivePrefix = {arXiv},
       eprint = {1811.02580},
 primaryClass = {astro-ph.GA},
       adsurl = {https://ui.adsabs.harvard.edu/abs/2019MNRAS.483.2057F},
      adsnote = {Provided by the SAO/NASA Astrophysics Data System}
}
@ARTICLE{2022YinAEparameter,
       author = {{Yin}, Jun E. and {Eisenstein}, Daniel J. and {Finkbeiner}, Douglas P. and {Protopapas}, Pavlos},
        title = "{A Conditional Autoencoder for Galaxy Photometric Parameter Estimation}",
      journal = {\pasp},
     keywords = {Photometry, Galaxy photometry, Galaxy classification systems, 1234, 611, 582},
         year = 2022,
        month = apr,
       volume = {134},
       number = {1034},
          eid = {044502},
        pages = {044502},
          doi = {10.1088/1538-3873/ac5847},
       adsurl = {https://ui.adsabs.harvard.edu/abs/2022PASP..134d4502Y},
      adsnote = {Provided by the SAO/NASA Astrophysics Data System}
}
@ARTICLE{2018arXiv180309704P,
       author = {{P{\'e}rez Orozco}, Bernardo and {Abbati}, Gabriele and {Roberts}, Stephen},
        title = "{MOrdReD: Memory-based Ordinal Regression Deep Neural Networks for Time Series Forecasting}",
      journal = {arXiv e-prints},
     keywords = {Statistics - Machine Learning, Computer Science - Machine Learning},
         year = 2018,
        month = mar,
          eid = {arXiv:1803.09704},
        pages = {arXiv:1803.09704},
          doi = {10.48550/arXiv.1803.09704},
archivePrefix = {arXiv},
       eprint = {1803.09704},
 primaryClass = {stat.ML},
       adsurl = {https://ui.adsabs.harvard.edu/abs/2018arXiv180309704P},
      adsnote = {Provided by the SAO/NASA Astrophysics Data System}
}
@ARTICLE{2023EJASPanomaly,
       author = {{Stinco}, Pietro and {Tesei}, Alessandra and {LePage}, Kevin D.},
        title = "{Unsupervised active sonar contact classification through anomaly detection}",
      journal = {EURASIP Journal on Applied Signal Processing},
     keywords = {SONAR, Automatic target classification, Unsupervised learning, Anomaly detection},
         year = 2023,
        month = dec,
       volume = {2023},
       number = {1},
          eid = {59},
        pages = {59},
          doi = {10.1186/s13634-023-01016-z},
       adsurl = {https://ui.adsabs.harvard.edu/abs/2023EJASP2023...59S},
      adsnote = {Provided by the SAO/NASA Astrophysics Data System}
}
@ARTICLE{2023PatRe.14209676H,
       author = {{Huang}, Pei and {Kong}, Zhaoming and {Xie}, Mengying and {Yang}, Xiaowei},
        title = "{Robust unsupervised feature selection via data relationship learning}",
      journal = {Pattern Recognition},
     keywords = {Unsupervised feature selection, Outlier, Robustness},
         year = 2023,
        month = oct,
       volume = {142},
          eid = {109676},
        pages = {109676},
          doi = {10.1016/j.patcog.2023.109676},
       adsurl = {https://ui.adsabs.harvard.edu/abs/2023PatRe.14209676H},
      adsnote = {Provided by the SAO/NASA Astrophysics Data System}
}
@ARTICLE{2022RyanOCeans,
       author = {{Ryan}, Dominick J. and {Robinson}, Tyler D.},
        title = "{Detecting Oceans on Exoplanets with Phase-dependent Spectral Principal Component Analysis}",
      journal = {psj},
     keywords = {1944, 439, 695, 387, Astrophysics - Earth and Planetary Astrophysics},
         year = 2022,
        month = feb,
       volume = {3},
       number = {2},
          eid = {33},
        pages = {33},
          doi = {10.3847/PSJ/ac4af3},
archivePrefix = {arXiv},
       eprint = {2109.11062},
 primaryClass = {astro-ph.EP},
       adsurl = {https://ui.adsabs.harvard.edu/abs/2022PSJ.....3...33R},
      adsnote = {Provided by the SAO/NASA Astrophysics Data System}
}
@ARTICLE{2022AleoTransients,
       author = {{Aleo}, P.~D. and {Malanchev}, K.~L. and {Pruzhinskaya}, M.~V. and {Ishida}, E.~E.~O. and {Russeil}, E. and {Kornilov}, M.~V. and {Korolev}, V.~S. and {Sreejith}, S. and {Volnova}, A.~A. and {Narayan}, G.~S.},
        title = "{SNAD transient miner: Finding missed transient events in ZTF DR4 using k-D trees}",
      journal = {\na},
     keywords = {0000, 1111, Astrophysics - Instrumentation and Methods for Astrophysics},
         year = 2022,
        month = oct,
       volume = {96},
          eid = {101846},
        pages = {101846},
          doi = {10.1016/j.newast.2022.101846},
archivePrefix = {arXiv},
       eprint = {2111.11555},
 primaryClass = {astro-ph.IM},
       adsurl = {https://ui.adsabs.harvard.edu/abs/2022NewA...9601846A},
      adsnote = {Provided by the SAO/NASA Astrophysics Data System}
}
@ARTICLE{2022cluster,
       author = {{Deb}, Sukanta and {Baruah}, Amiya and {Kumar}, Subhash},
        title = "{Ensemble-based unsupervised machine learning method for membership determination of open clusters using Mahalanobis distance}",
      journal = {\mnras},
     keywords = {methods: data analysis, open clusters and associations: general, methods: statistical-astrometry-parallaxes-proper motions},
         year = 2022,
        month = oct,
       volume = {515},
       number = {4},
        pages = {4685-4701},
          doi = {10.1093/mnras/stac2116},
       adsurl = {https://ui.adsabs.harvard.edu/abs/2022MNRAS.515.4685D},
      adsnote = {Provided by the SAO/NASA Astrophysics Data System}
}
@ARTICLE{2023Chomez,
       author = {{Chomez}, A. and {Lagrange}, A. -M. and {Delorme}, P. and {Langlois}, M. and {Chauvin}, G. and {Flasseur}, O. and {Dallant}, J. and {Philipot}, F. and {Bergeon}, S. and {Albert}, D. and {Meunier}, N. and {Rubini}, P.},
        title = "{Preparing an unsupervised massive analysis of SPHERE high contrast data with the PACO algorithm}",
      journal = {arXiv e-prints},
     keywords = {Astrophysics - Earth and Planetary Astrophysics, Astrophysics - Instrumentation and Methods for Astrophysics},
         year = 2023,
        month = may,
          eid = {arXiv:2305.08766},
        pages = {arXiv:2305.08766},
          doi = {10.48550/arXiv.2305.08766},
archivePrefix = {arXiv},
       eprint = {2305.08766},
 primaryClass = {astro-ph.EP},
       adsurl = {https://ui.adsabs.harvard.edu/abs/2023arXiv230508766C},
      adsnote = {Provided by the SAO/NASA Astrophysics Data System}
}
@article{kussul2004improved,
  title={Improved method of handwritten digit recognition tested on MNIST database},
  author={Kussul, Ernst and Baidyk, Tatiana},
  journal={Image and Vision Computing},
  volume={22},
  number={12},
  pages={971--981},
  year={2004},
  publisher={Elsevier}
}
@book{gurney1997introduction,
  title={An introduction to neural networks},
  author={Gurney, Kevin},
  year={1997},
  publisher={CRC press}
}
@article{breiman2001random,
  title={Random forests},
  author={Breiman, Leo},
  journal={Machine learning},
  volume={45},
  pages={5--32},
  year={2001},
  publisher={Springer}
}
@article{vaswani2017attention,
  title={Attention is all you need},
  author={Vaswani, Ashish and Shazeer, Noam and Parmar, Niki and Uszkoreit, Jakob and Jones, Llion and Gomez, Aidan N and Kaiser, {\L}ukasz and Polosukhin, Illia},
  journal={Advances in neural information processing systems},
  volume={30},
  year={2017}
}
@ARTICLE{2023Carlito,
       author = {{Cantero}, Carles and {Absil}, Olivier and {Dahlqvist}, Carl-Henrik and {Van Droogenbroeck}, Marc},
        title = "{NA-SODINN: a deep learning algorithm for exoplanet image detection based on residual noise regimes}",
      journal = {arXiv e-prints},
     keywords = {Astrophysics - Instrumentation and Methods for Astrophysics, Astrophysics - Earth and Planetary Astrophysics, Computer Science - Machine Learning, Electrical Engineering and Systems Science - Image and Video Processing},
         year = 2023,
        month = feb,
          eid = {arXiv:2302.02854},
        pages = {arXiv:2302.02854},
          doi = {10.48550/arXiv.2302.02854},
archivePrefix = {arXiv},
       eprint = {2302.02854},
 primaryClass = {astro-ph.IM},
       adsurl = {https://ui.adsabs.harvard.edu/abs/2023arXiv230202854C},
      adsnote = {Provided by the SAO/NASA Astrophysics Data System}
}
@book{harris2010digital,
  title={Digital Design and Computer Architecture},
  author={Harris, D. and Harris, S.},
  isbn={9780080547060},
  series={Computer organization bundle, VHDL Bundle},
  url={https://books.google.be/books?id=5X7JV5-n0FIC},
  year={2010},
  publisher={Elsevier Science}
}
@article{breiman1998arcing,
  title={Arcing classifier (with discussion and a rejoinder by the author)},
  author={Breiman, Leo},
  journal={The annals of statistics},
  volume={26},
  number={3},
  pages={801--849},
  year={1998},
  publisher={Institute of Mathematical Statistics}
}
@ARTICLE{2011JRFsklearn,
       author = {{Pedregosa}, Fabian and {Varoquaux}, Ga{\"e}l and {Gramfort}, Alexandre and {Michel}, Vincent and {Thirion}, Bertrand and {Grisel}, Olivier and {Blondel}, Mathieu and {M{\"u}ller}, Andreas and {Nothman}, Joel and {Louppe}, Gilles and {Prettenhofer}, Peter and {Weiss}, Ron and {Dubourg}, Vincent and {Vanderplas}, Jake and {Passos}, Alexandre and {Cournapeau}, David and {Brucher}, Matthieu and {Perrot}, Matthieu and {Duchesnay}, {\'E}douard},
        title = "{Scikit-learn: Machine Learning in Python}",
      journal = {Journal of Machine Learning Research},
     keywords = {Python, supervised learning, unsupervised learning, model selection, Computer Science - Machine Learning, Computer Science - Mathematical Software},
         year = 2011,
        month = oct,
       volume = {12},
        pages = {2825-2830},
          doi = {10.48550/arXiv.1201.0490},
archivePrefix = {arXiv},
       eprint = {1201.0490},
 primaryClass = {cs.LG},
       adsurl = {https://ui.adsabs.harvard.edu/abs/2011JMLR...12.2825P},
      adsnote = {Provided by the SAO/NASA Astrophysics Data System}
}

@INPROCEEDINGS{2016Mawet,
       author = {{Mawet}, D. and {Wizinowich}, P. and {Dekany}, R. and {Chun}, M. and {Hall}, D. and {Cetre}, S. and {Guyon}, O. and {Wallace}, J.~K. and {Bowler}, B. and {Liu}, M. and {Ruane}, G. and {Serabyn}, E. and {Bartos}, R. and {Wang}, J. and {Vasisht}, G. and {Fitzgerald}, M. and {Skemer}, A. and {Ireland}, M. and {Fucik}, J. and {Fortney}, J. and {Crossfield}, I. and {Hu}, R. and {Benneke}, B.},
        title = "{Keck Planet Imager and Characterizer: concept and phased implementation}",
    booktitle = {Adaptive Optics Systems V},
         year = 2016,
       editor = {{Marchetti}, Enrico and {Close}, Laird M. and {V{\'e}ran}, Jean-Pierre},
       series = {Society of Photo-Optical Instrumentation Engineers (SPIE) Conference Series},
       volume = {9909},
        month = jul,
          eid = {99090D},
        pages = {99090D},
          doi = {10.1117/12.2233658},
       adsurl = {https://ui.adsabs.harvard.edu/abs/2016SPIE.9909E..0DM},
      adsnote = {Provided by the SAO/NASA Astrophysics Data System}
}
@ARTICLE{2003Zucker,
       author = {{Zucker}, S.},
        title = "{Cross-correlation and maximum-likelihood analysis: a new approach to combining cross-correlation functions}",
      journal = {\mnras},
     keywords = {methods: data analysis, methods: statistical, techniques: radial velocities, techniques: spectroscopic, Astrophysics},
         year = 2003,
        month = jul,
       volume = {342},
       number = {4},
        pages = {1291-1298},
          doi = {10.1046/j.1365-8711.2003.06633.x},
archivePrefix = {arXiv},
       eprint = {astro-ph/0303426},
 primaryClass = {astro-ph},
       adsurl = {https://ui.adsabs.harvard.edu/abs/2003MNRAS.342.1291Z},
      adsnote = {Provided by the SAO/NASA Astrophysics Data System}
}
@ARTICLE{2019Brogi,
       author = {{Brogi}, Matteo and {Line}, Michael R.},
        title = "{Retrieving Temperatures and Abundances of Exoplanet Atmospheres with High-resolution Cross-correlation Spectroscopy}",
      journal = {\aj},
     keywords = {methods: data analysis, planets and satellites: atmospheres, techniques: spectroscopic, Astrophysics - Earth and Planetary Astrophysics},
         year = 2019,
        month = mar,
       volume = {157},
       number = {3},
          eid = {114},
        pages = {114},
          doi = {10.3847/1538-3881/aaffd3},
archivePrefix = {arXiv},
       eprint = {1811.01681},
 primaryClass = {astro-ph.EP},
       adsurl = {https://ui.adsabs.harvard.edu/abs/2019AJ....157..114B},
      adsnote = {Provided by the SAO/NASA Astrophysics Data System}
}
@ARTICLE{2015Quanz,
       author = {{Quanz}, Sascha P. and {Amara}, Adam and {Meyer}, Michael R. and {Girard}, Julien H. and {Kenworthy}, Matthew A. and {Kasper}, Markus},
        title = "{Confirmation and Characterization of the Protoplanet HD 100546 b{\textemdash}Direct Evidence for Gas Giant Planet Formation at 50 AU}",
      journal = {\apj},
     keywords = {planet{\textendash}disk interactions, planets and satellites: detection, planets and satellites: formation, planets and satellites: gaseous planets, protoplanetary disks, stars: pre-main sequence, Astrophysics - Solar and Stellar Astrophysics, Astrophysics - Earth and Planetary Astrophysics},
         year = 2015,
        month = jul,
       volume = {807},
       number = {1},
          eid = {64},
        pages = {64},
          doi = {10.1088/0004-637X/807/1/64},
archivePrefix = {arXiv},
       eprint = {1412.5173},
 primaryClass = {astro-ph.SR},
       adsurl = {https://ui.adsabs.harvard.edu/abs/2015ApJ...807...64Q},
      adsnote = {Provided by the SAO/NASA Astrophysics Data System}
}
@ARTICLE{2023Cugno,
       author = {{Cugno}, G. and {Pearce}, T.~D. and {Launhardt}, R. and {Bonse}, M.~J. and {Ma}, J. and {Henning}, T. and {Quirrenbach}, A. and {S{\'e}gransan}, D. and {Matthews}, E.~C. and {Quanz}, S.~P. and {Kennedy}, G.~M. and {M{\"u}ller}, A. and {Reffert}, S. and {Rickman}, E.~L.},
        title = "{ISPY: NACO Imaging Survey for Planets around Young stars. The demographics of forming planets embedded in protoplanetary disks}",
      journal = {\aap},
     keywords = {planets and satellites: detection, planets and satellites: formation, protoplanetary disks, Astrophysics - Earth and Planetary Astrophysics, Astrophysics - Solar and Stellar Astrophysics},
         year = 2023,
        month = jan,
       volume = {669},
          eid = {A145},
        pages = {A145},
          doi = {10.1051/0004-6361/202244891},
archivePrefix = {arXiv},
       eprint = {2211.15434},
 primaryClass = {astro-ph.EP},
       adsurl = {https://ui.adsabs.harvard.edu/abs/2023A&A...669A.145C},
      adsnote = {Provided by the SAO/NASA Astrophysics Data System}
}
@ARTICLE{2014MacintoshGPI,
       author = {{Macintosh}, Bruce and {Graham}, James R. and {Ingraham}, Patrick and {Konopacky}, Quinn and {Marois}, Christian and {Perrin}, Marshall and {Poyneer}, Lisa and {Bauman}, Brian and {Barman}, Travis and {Burrows}, Adam S. and {Cardwell}, Andrew and {Chilcote}, Jeffrey and {De Rosa}, Robert J. and {Dillon}, Daren and {Doyon}, Rene and {Dunn}, Jennifer and {Erikson}, Darren and {Fitzgerald}, Michael P. and {Gavel}, Donald and {Goodsell}, Stephen and {Hartung}, Markus and {Hibon}, Pascale and {Kalas}, Paul and {Larkin}, James and {Maire}, Jerome and {Marchis}, Franck and {Marley}, Mark S. and {McBride}, James and {Millar-Blanchaer}, Max and {Morzinski}, Katie and {Norton}, Andrew and {Oppenheimer}, B.~R. and {Palmer}, David and {Patience}, Jennifer and {Pueyo}, Laurent and {Rantakyro}, Fredrik and {Sadakuni}, Naru and {Saddlemyer}, Leslie and {Savransky}, Dmitry and {Serio}, Andrew and {Soummer}, Remi and {Sivaramakrishnan}, Anand and {Song}, Inseok and {Thomas}, Sandrine and {Wallace}, J. Kent and {Wiktorowicz}, Sloane and {Wolff}, Schuyler},
        title = "{First light of the Gemini Planet Imager}",
      journal = {Proceedings of the National Academy of Science},
     keywords = {Astrophysics - Earth and Planetary Astrophysics, Astrophysics - Instrumentation and Methods for Astrophysics},
         year = 2014,
        month = sep,
       volume = {111},
       number = {35},
        pages = {12661-12666},
          doi = {10.1073/pnas.1304215111},
archivePrefix = {arXiv},
       eprint = {1403.7520},
 primaryClass = {astro-ph.EP},
       adsurl = {https://ui.adsabs.harvard.edu/abs/2014PNAS..11112661M},
      adsnote = {Provided by the SAO/NASA Astrophysics Data System}
}
@ARTICLE{2019KPIC,
       author = {{Jovanovic}, N. and {Delorme}, J.~R. and {Bond}, C.~Z. and {Cetre}, S. and {Mawet}, D. and {Echeverri}, D. and {Wallace}, J.~K. and {Bartos}, R. and {Lilley}, S. and {Ragland}, S. and {Ruane}, G. and {Wizinowich}, P. and {Chun}, M. and {Wang}, J. and {Wang}, J. and {Fitzgerald}, M. and {Matthews}, K. and {Pezzato}, J. and {Calvin}, B. and {Millar-Blanchaer}, M. and {Martin}, E.~C. and {Wetherell}, E. and {Wang}, E. and {Jacobson}, S. and {Warmbier}, E. and {Lockhart}, C. and {Hall}, D. and {Jensen-Clem}, R. and {McEwen}, E.},
        title = "{The Keck Planet Imager and Characterizer: Demonstrating advanced exoplanet characterization techniques for future extremely large telescopes}",
      journal = {arXiv e-prints},
     keywords = {Astrophysics - Instrumentation and Methods for Astrophysics},
         year = 2019,
        month = sep,
          eid = {arXiv:1909.04541},
        pages = {arXiv:1909.04541},
          doi = {10.48550/arXiv.1909.04541},
archivePrefix = {arXiv},
       eprint = {1909.04541},
 primaryClass = {astro-ph.IM},
       adsurl = {https://ui.adsabs.harvard.edu/abs/2019arXiv190904541J},
      adsnote = {Provided by the SAO/NASA Astrophysics Data System}
}
@INPROCEEDINGS{2022Jocou,
       author = {{Jocou}, Laurent and {Rabou}, Patrick and {Moulin}, Thibaut and {Magnard}, Yves and {Hours}, Adrien and {Pancher}, Fabrice and {Guieu}, Sylvain and {Carlotti}, Alexis and {Delboulb{\'e}}, Alain and {V{\'e}rove}, Maxime and {Stadler}, Eric and {Maurel}, Didier and {Rochat}, Sylvain and {Henault}, Fran{\c{c}}ois and {Dohlen}, K. and {Thatte}, N. and {Neichel}, B. and {Vola}, P. and {Clarke}, F. and {Melotte}, D. and {Tecza}, M. and {Schnetler}, H.},
        title = "{HARMONI at ELT: development of the high-contrast module}",
    booktitle = {Adaptive Optics Systems VIII},
         year = 2022,
       editor = {{Schreiber}, Laura and {Schmidt}, Dirk and {Vernet}, Elise},
       series = {Society of Photo-Optical Instrumentation Engineers (SPIE) Conference Series},
       volume = {12185},
        month = aug,
          eid = {121854K},
        pages = {121854K},
          doi = {10.1117/12.2626984},
       adsurl = {https://ui.adsabs.harvard.edu/abs/2022SPIE12185E..4KJ},
      adsnote = {Provided by the SAO/NASA Astrophysics Data System}
}
@ARTICLE{2021Calvin,
       author = {{Calvin}, Benjamin and {Jovanovic}, Nemanja and {Ruane}, Garreth and {Pezzato}, Jacklyn and {Colborn}, Jennah and {Echeverri}, Daniel and {Schofield}, Tobias and {Porter}, Michael and {Wallace}, J. Kent and {Delorme}, Jacques-Robert and {Mawet}, Dimitri},
        title = "{Enhancing Direct Exoplanet Spectroscopy with Apodizing and Beam Shaping Optics}",
      journal = {\pasp},
     keywords = {Astronomical instrumentation, High resolution spectroscopy, Exoplanets, Astrophysics - Instrumentation and Methods for Astrophysics, Astrophysics - Earth and Planetary Astrophysics},
         year = 2021,
        month = feb,
       volume = {133},
       number = {1020},
          eid = {024503},
        pages = {024503},
          doi = {10.1088/1538-3873/abdace},
archivePrefix = {arXiv},
       eprint = {2102.11499},
 primaryClass = {astro-ph.IM},
       adsurl = {https://ui.adsabs.harvard.edu/abs/2021PASP..133b4503C},
      adsnote = {Provided by the SAO/NASA Astrophysics Data System}
}
@ARTICLE{2021Vandermarel,
       author = {{van der Marel}, Nienke and {Bosman}, Arthur D. and {Krijt}, Sebastiaan and {Mulders}, Gijs D. and {Bergner}, Jennifer B.},
        title = "{If you like C/O variations, you should have put a ring on it}",
      journal = {\aap},
     keywords = {astrochemistry, molecular data, planets and satellites: formation, protoplanetary disks, Astrophysics - Earth and Planetary Astrophysics},
         year = 2021,
        month = sep,
       volume = {653},
          eid = {L9},
        pages = {L9},
          doi = {10.1051/0004-6361/202141786},
archivePrefix = {arXiv},
       eprint = {2108.07679},
 primaryClass = {astro-ph.EP},
       adsurl = {https://ui.adsabs.harvard.edu/abs/2021A&A...653L...9V},
      adsnote = {Provided by the SAO/NASA Astrophysics Data System}
}
@ARTICLE{2019Madhsudhan,
       author = {{Madhusudhan}, Nikku},
        title = "{Exoplanetary Atmospheres: Key Insights, Challenges, and Prospects}",
      journal = {\araa},
     keywords = {Astrophysics - Earth and Planetary Astrophysics},
         year = 2019,
        month = aug,
       volume = {57},
        pages = {617-663},
          doi = {10.1146/annurev-astro-081817-051846},
archivePrefix = {arXiv},
       eprint = {1904.03190},
 primaryClass = {astro-ph.EP},
       adsurl = {https://ui.adsabs.harvard.edu/abs/2019ARA&A..57..617M},
      adsnote = {Provided by the SAO/NASA Astrophysics Data System}
}
@ARTICLE{2020Phillips,
       author = {{Phillips}, M.~W. and {Tremblin}, P. and {Baraffe}, I. and {Chabrier}, G. and {Allard}, N.~F. and {Spiegelman}, F. and {Goyal}, J.~M. and {Drummond}, B. and {H{\'e}brard}, E.},
        title = "{A new set of atmosphere and evolution models for cool T-Y brown dwarfs and giant exoplanets}",
      journal = {\aap},
     keywords = {brown dwarfs, planets and satellites: atmospheres, stars: evolution, Astrophysics - Solar and Stellar Astrophysics, Astrophysics - Earth and Planetary Astrophysics},
         year = 2020,
        month = may,
       volume = {637},
          eid = {A38},
        pages = {A38},
          doi = {10.1051/0004-6361/201937381},
archivePrefix = {arXiv},
       eprint = {2003.13717},
 primaryClass = {astro-ph.SR},
       adsurl = {https://ui.adsabs.harvard.edu/abs/2020A&A...637A..38P},
      adsnote = {Provided by the SAO/NASA Astrophysics Data System}
}

@ARTICLE{2020Xie,
       author = {{Xie}, C. and {Haffert}, S.~Y. and {de Boer}, J. and {Kenworthy}, M.~A. and {Brinchmann}, J. and {Girard}, J. and {Snellen}, I.~A.~G. and {Keller}, C.~U.},
        title = "{Searching for proto-planets with MUSE}",
      journal = {\aap},
     keywords = {techniques: high angular resolution, techniques: imaging spectroscopy, techniques: image processing, planet-disk interactions, planets and satellites: detection, ISM: jets and outflows, Astrophysics - Earth and Planetary Astrophysics, Astrophysics - Instrumentation and Methods for Astrophysics, Astrophysics - Solar and Stellar Astrophysics},
         year = 2020,
        month = dec,
       volume = {644},
          eid = {A149},
        pages = {A149},
          doi = {10.1051/0004-6361/202038242},
archivePrefix = {arXiv},
       eprint = {2011.08043},
 primaryClass = {astro-ph.EP},
       adsurl = {https://ui.adsabs.harvard.edu/abs/2020A&A...644A.149X},
      adsnote = {Provided by the SAO/NASA Astrophysics Data System}
}
@ARTICLE{2018Hunziker,
       author = {{Hunziker}, S. and {Quanz}, S.~P. and {Amara}, A. and {Meyer}, M.~R.},
        title = "{PCA-based approach for subtracting thermal background emission in high-contrast imaging data}",
      journal = {\aap},
     keywords = {instrumentation: high angular resolution, methods: data analysis, methods: observational, techniques: image processing, planets and satellites: detection, Astrophysics - Instrumentation and Methods for Astrophysics, Astrophysics - Earth and Planetary Astrophysics},
         year = 2018,
        month = mar,
       volume = {611},
          eid = {A23},
        pages = {A23},
          doi = {10.1051/0004-6361/201731428},
archivePrefix = {arXiv},
       eprint = {1706.10069},
 primaryClass = {astro-ph.IM},
       adsurl = {https://ui.adsabs.harvard.edu/abs/2018A&A...611A..23H},
      adsnote = {Provided by the SAO/NASA Astrophysics Data System}
}
@ARTICLE{2023Agrawal,
       author = {{Agrawal}, Shubh and {Ruffio}, Jean-Baptiste and {Konopacky}, Quinn M. and {Macintosh}, Bruce and {Mawet}, Dimitri and {Nielsen}, Eric L. and {Hoch}, Kielan K.~W. and {Liu}, Michael C. and {Barman}, Travis S. and {Thompson}, William and {Greenbaum}, Alexandra Z. and {Marois}, Christian and {Patience}, Jenny},
        title = "{Detecting Exoplanets Closer to Stars with Moderate Spectral Resolution Integral-field Spectroscopy}",
      journal = {\aj},
     keywords = {Direct imaging, Exoplanet detection methods, High contrast techniques, High resolution spectroscopy, 387, 489, 2369, 2096, Astrophysics - Earth and Planetary Astrophysics, Astrophysics - Instrumentation and Methods for Astrophysics},
         year = 2023,
        month = jul,
       volume = {166},
       number = {1},
          eid = {15},
        pages = {15},
          doi = {10.3847/1538-3881/acd6a3},
archivePrefix = {arXiv},
       eprint = {2305.10362},
 primaryClass = {astro-ph.EP},
       adsurl = {https://ui.adsabs.harvard.edu/abs/2023AJ....166...15A},
      adsnote = {Provided by the SAO/NASA Astrophysics Data System}
}
@ARTICLE{2022Xuan,
       author = {{Xuan}, Jerry W. and {Wang}, Jason and {Ruffio}, Jean-Baptiste and {Knutson}, Heather and {Mawet}, Dimitri and {Molli{\`e}re}, Paul and {Kolecki}, Jared and {Vigan}, Arthur and {Mukherjee}, Sagnick and {Wallack}, Nicole and {Wang}, Ji and {Baker}, Ashley and {Bartos}, Randall and {Blake}, Geoffrey A. and {Bond}, Charlotte Z. and {Bryan}, Marta and {Calvin}, Benjamin and {Cetre}, Sylvain and {Chun}, Mark and {Delorme}, Jacques-Robert and {Doppmann}, Greg and {Echeverri}, Daniel and {Finnerty}, Luke and {Fitzgerald}, Michael P. and {Horstman}, Katelyn and {Inglis}, Julie and {Jovanovic}, Nemanja and {L{\'o}pez}, Ronald and {Martin}, Emily C. and {Morris}, Evan and {Pezzato}, Jacklyn and {Ragland}, Sam and {Ren}, Bin and {Ruane}, Garreth and {Sappey}, Ben and {Schofield}, Tobias and {Skemer}, Andrew and {Venenciano}, Taylor and {Wallace}, J. Kent and {Wizinowich}, Peter},
        title = "{A Clear View of a Cloudy Brown Dwarf Companion from High-resolution Spectroscopy}",
      journal = {\apj},
     keywords = {Brown dwarfs, Atmospheric composition, High resolution spectroscopy, High angular resolution, Atmospheric clouds, Exoplanet atmospheric composition, 185, 2120, 2096, 2167, 2180, 2021, Astrophysics - Earth and Planetary Astrophysics, Astrophysics - Solar and Stellar Astrophysics},
         year = 2022,
        month = oct,
       volume = {937},
       number = {2},
          eid = {54},
        pages = {54},
          doi = {10.3847/1538-4357/ac8673},
archivePrefix = {arXiv},
       eprint = {2208.01657},
 primaryClass = {astro-ph.EP},
       adsurl = {https://ui.adsabs.harvard.edu/abs/2022ApJ...937...54X},
      adsnote = {Provided by the SAO/NASA Astrophysics Data System}
}
@article{vincent2011connection,
  title={A connection between score matching and denoising autoencoders},
  author={Vincent, Pascal},
  journal={Neural computation},
  volume={23},
  number={7},
  pages={1661--1674},
  year={2011},
  publisher={MIT Press}
}






































