@ARTICLE{2020Fisher,
       author = {{Fisher}, Chloe and {Hoeijmakers}, H. Jens and {Kitzmann}, Daniel and {M{\'a}rquez-Neila}, Pablo and {Grimm}, Simon L. and {Sznitman}, Raphael and {Heng}, Kevin},
        title = "{Interpreting High-resolution Spectroscopy of Exoplanets using Cross-correlations and Supervised Machine Learning}",
      journal = {\aj},
     keywords = {Exoplanet atmospheres, 487, Astrophysics - Earth and Planetary Astrophysics},
         year = 2020,
        month = may,
       volume = {159},
       number = {5},
          eid = {192},
        pages = {192},
          doi = {10.3847/1538-3881/ab7a92},
archivePrefix = {arXiv},
       eprint = {1910.11627},
 primaryClass = {astro-ph.EP},
       adsurl = {https://ui.adsabs.harvard.edu/abs/2020AJ....159..192F},
      adsnote = {Provided by the SAO/NASA Astrophysics Data System}
}
@ARTICLE{2019Pairet,
       author = {{Pairet}, Beno{\^\i}t and {Cantalloube}, Faustine and {Gomez Gonzalez}, Carlos A. and {Absil}, Olivier and {Jacques}, Laurent},
        title = "{STIM map: detection map for exoplanets imaging beyond asymptotic Gaussian residual speckle noise}",
      journal = {\mnras},
     keywords = {methods: statistical, techniques: high angular resolution, techniques: image processing, planets and satellites: detection, Astrophysics - Instrumentation and Methods for Astrophysics},
         year = 2019,
        month = aug,
       volume = {487},
       number = {2},
        pages = {2262-2277},
          doi = {10.1093/mnras/stz1350},
archivePrefix = {arXiv},
       eprint = {1810.06895},
 primaryClass = {astro-ph.IM},
       adsurl = {https://ui.adsabs.harvard.edu/abs/2019MNRAS.487.2262P},
      adsnote = {Provided by the SAO/NASA Astrophysics Data System}
}
@INPROCEEDINGS{2011Allard,
       author = {{Allard}, F. and {Homeier}, D. and {Freytag}, B.},
        title = "{Model Atmospheres From Very Low Mass Stars to Brown Dwarfs}",
     keywords = {Astrophysics - Solar and Stellar Astrophysics},
    booktitle = {16th Cambridge Workshop on Cool Stars, Stellar Systems, and the Sun},
         year = 2011,
       editor = {{Johns-Krull}, Christopher and {Browning}, Matthew K. and {West}, Andrew A.},
       series = {Astronomical Society of the Pacific Conference Series},
       volume = {448},
        month = dec,
        pages = {91},
archivePrefix = {arXiv},
       eprint = {1011.5405},
 primaryClass = {astro-ph.SR},
       adsurl = {https://ui.adsabs.harvard.edu/abs/2011ASPC..448...91A},
      adsnote = {Provided by the SAO/NASA Astrophysics Data System}
}

@ARTICLE{1997Allard,
       author = {{Allard}, France and {Hauschildt}, Peter H. and {Alexander}, David R. and {Starrfield}, Sumner},
        title = "{Model Atmospheres of Very Low Mass Stars and Brown Dwarfs}",
      journal = {\araa},
         year = 1997,
        month = jan,
       volume = {35},
        pages = {137-177},
          doi = {10.1146/annurev.astro.35.1.137},
       adsurl = {https://ui.adsabs.harvard.edu/abs/1997ARA&A..35..137A},
      adsnote = {Provided by the SAO/NASA Astrophysics Data System}
}

@ARTICLE{2019Haffert,
       author = {{Haffert}, S.~Y. and {Bohn}, A.~J. and {de Boer}, J. and {Snellen}, I.~A.~G. and {Brinchmann}, J. and {Girard}, J.~H. and {Keller}, C.~U. and {Bacon}, R.},
        title = "{Two accreting protoplanets around the young star PDS 70}",
      journal = {Nature Astronomy},
     keywords = {Astrophysics - Earth and Planetary Astrophysics},
         year = 2019,
        month = jun,
       volume = {3},
        pages = {749-754},
          doi = {10.1038/s41550-019-0780-5},
archivePrefix = {arXiv},
       eprint = {1906.01486},
 primaryClass = {astro-ph.EP},
       adsurl = {https://ui.adsabs.harvard.edu/abs/2019NatAs...3..749H},
      adsnote = {Provided by the SAO/NASA Astrophysics Data System}
}

@INPROCEEDINGS{2004SINFONI,
       author = {{Bonnet}, Henri and {Conzelmann}, Ralf and {Delabre}, Bernhard and {Donaldson}, Robert and {Fedrigo}, Enrico and {Hubin}, Norbert N. and {Kissler-Patig}, Markus and {Lizon}, Jean-Louis and {Paufique}, Jerome and {Rossi}, Silvio and {Stroebele}, Stefan and {Tordo}, Sebastien},
        title = "{First light of SINFONI AO-module at VLT}",
    booktitle = {Advancements in Adaptive Optics},
         year = 2004,
       editor = {{Bonaccini Calia}, Domenico and {Ellerbroek}, Brent L. and {Ragazzoni}, Roberto},
       series = {Society of Photo-Optical Instrumentation Engineers (SPIE) Conference Series},
       volume = {5490},
        month = oct,
        pages = {130-138},
          doi = {10.1117/12.551187},
       adsurl = {https://ui.adsabs.harvard.edu/abs/2004SPIE.5490..130B},
      adsnote = {Provided by the SAO/NASA Astrophysics Data System}
}
@ARTICLE{2003BTsettl,
       author = {{Baraffe}, I. and {Chabrier}, G. and {Barman}, T.~S. and {Allard}, F. and {Hauschildt}, P.~H.},
        title = "{Evolutionary models for cool brown dwarfs and extrasolar giant planets. The case of HD 209458}",
      journal = {aap},
     keywords = {planetary systems, stars: brown dwarfs, stars: evolution, stars: individual (HD 209458), Astrophysics},
         year = 2003,
        month = may,
       volume = {402},
        pages = {701-712},
          doi = {10.1051/0004-6361:20030252},
archivePrefix = {arXiv},
       eprint = {astro-ph/0302293},
 primaryClass = {astro-ph},
       adsurl = {https://ui.adsabs.harvard.edu/abs/2003A&A...402..701B},
      adsnote = {Provided by the SAO/NASA Astrophysics Data System}
}
@misc{tensorflow2015-whitepaper,
title={ {TensorFlow}: Large-Scale Machine Learning on Heterogeneous Systems},
url={https://www.tensorflow.org/},
note={Software available from tensorflow.org},
author={
    Mart\'{i}n~Abadi and
    Ashish~Agarwal and
    Paul~Barham and
    Eugene~Brevdo and
    Zhifeng~Chen and
    Craig~Citro and
    Greg~S.~Corrado and
    Andy~Davis and
    Jeffrey~Dean and
    Matthieu~Devin and
    Sanjay~Ghemawat and
    Ian~Goodfellow and
    Andrew~Harp and
    Geoffrey~Irving and
    Michael~Isard and
    Yangqing Jia and
    Rafal~Jozefowicz and
    Lukasz~Kaiser and
    Manjunath~Kudlur and
    Josh~Levenberg and
    Dandelion~Man\'{e} and
    Rajat~Monga and
    Sherry~Moore and
    Derek~Murray and
    Chris~Olah and
    Mike~Schuster and
    Jonathon~Shlens and
    Benoit~Steiner and
    Ilya~Sutskever and
    Kunal~Talwar and
    Paul~Tucker and
    Vincent~Vanhoucke and
    Vijay~Vasudevan and
    Fernanda~Vi\'{e}gas and
    Oriol~Vinyals and
    Pete~Warden and
    Martin~Wattenberg and
    Martin~Wicke and
    Yuan~Yu and
    Xiaoqiang~Zheng},
  year={2015},
}
@ARTICLE{2018Gomez,
       author = {{Gomez Gonzalez}, C.~A. and {Absil}, O. and {Van Droogenbroeck}, M.},
        title = "{Supervised detection of exoplanets in high-contrast imaging sequences}",
      journal = {\aap},
     keywords = {methods: data analysis, techniques: high angular resolution, techniques: imaging spectroscopy, planetary systems, planets and satellites: detection, Astrophysics - Instrumentation and Methods for Astrophysics},
         year = 2018,
        month = may,
       volume = {613},
          eid = {A71},
        pages = {A71},
          doi = {10.1051/0004-6361/201731961},
archivePrefix = {arXiv},
       eprint = {1712.02841},
 primaryClass = {astro-ph.IM},
       adsurl = {https://ui.adsabs.harvard.edu/abs/2018A&A...613A..71G},
      adsnote = {Provided by the SAO/NASA Astrophysics Data System}
}
@ARTICLE{2014Mawet,
       author = {{Mawet}, D. and {Milli}, J. and {Wahhaj}, Z. and {Pelat}, D. and {Absil}, O. and {Delacroix}, C. and {Boccaletti}, A. and {Kasper}, M. and {Kenworthy}, M. and {Marois}, C. and {Mennesson}, B. and {Pueyo}, L.},
        title = "{Fundamental Limitations of High Contrast Imaging Set by Small Sample Statistics}",
      journal = {\apj},
     keywords = {methods: statistical, techniques: high angular resolution, Astrophysics - Instrumentation and Methods for Astrophysics},
         year = 2014,
        month = sep,
       volume = {792},
       number = {2},
          eid = {97},
        pages = {97},
          doi = {10.1088/0004-637X/792/2/97},
archivePrefix = {arXiv},
       eprint = {1407.2247},
 primaryClass = {astro-ph.IM},
       adsurl = {https://ui.adsabs.harvard.edu/abs/2014ApJ...792...97M},
      adsnote = {Provided by the SAO/NASA Astrophysics Data System}
}
@ARTICLE{2019MesaPDS70,
       author = {{Mesa}, D. and {Keppler}, M. and {Cantalloube}, F. and {Rodet}, L. and {Charnay}, B. and {Gratton}, R. and {Langlois}, M. and {Boccaletti}, A. and {Bonnefoy}, M. and {Vigan}, A. and {Flasseur}, O. and {Bae}, J. and {Benisty}, M. and {Chauvin}, G. and {de Boer}, J. and {Desidera}, S. and {Henning}, T. and {Lagrange}, A. -M. and {Meyer}, M. and {Milli}, J. and {M{\"u}ller}, A. and {Pairet}, B. and {Zurlo}, A. and {Antoniucci}, S. and {Baudino}, J. -L. and {Brown Sevilla}, S. and {Cascone}, E. and {Cheetham}, A. and {Claudi}, R.~U. and {Delorme}, P. and {D'Orazi}, V. and {Feldt}, M. and {Hagelberg}, J. and {Janson}, M. and {Kral}, Q. and {Lagadec}, E. and {Lazzoni}, C. and {Ligi}, R. and {Maire}, A. -L. and {Martinez}, P. and {Menard}, F. and {Meunier}, N. and {Perrot}, C. and {Petrus}, S. and {Pinte}, C. and {Rickman}, E.~L. and {Rochat}, S. and {Rouan}, D. and {Samland}, M. and {Sauvage}, J. -F. and {Schmidt}, T. and {Udry}, S. and {Weber}, L. and {Wildi}, F.},
        title = "{VLT/SPHERE exploration of the young multiplanetary system PDS70}",
      journal = {\aap},
     keywords = {instrumentation: spectrographs, methods: data analysis, techniques: imaging spectroscopy, planetary systems, stars: individual: PDS70, Astrophysics - Earth and Planetary Astrophysics, Astrophysics - Solar and Stellar Astrophysics},
         year = 2019,
        month = dec,
       volume = {632},
          eid = {A25},
        pages = {A25},
          doi = {10.1051/0004-6361/201936764},
archivePrefix = {arXiv},
       eprint = {1910.11169},
 primaryClass = {astro-ph.EP},
       adsurl = {https://ui.adsabs.harvard.edu/abs/2019A&A...632A..25M},
      adsnote = {Provided by the SAO/NASA Astrophysics Data System}
}
@ARTICLE{2018A&ChristiaensHD142527,
       author = {{Christiaens}, V. and {Casassus}, S. and {Absil}, O. and {Kimeswenger}, S. and {Gomez Gonzalez}, C.~A. and {Girard}, J. and {Ram{\'\i}rez}, R. and {Wertz}, O. and {Zurlo}, A. and {Wahhaj}, Z. and {Flores}, C. and {Salinas}, V. and {Jord{\'a}n}, A. and {Mawet}, D.},
        title = "{Characterization of low-mass companion HD 142527 B}",
      journal = {\aap},
     keywords = {protoplanetary disks, stars: individual: HD 142527, stars: low-mass, binaries: close, stars: pre-main sequence, Astrophysics - Earth and Planetary Astrophysics, Astrophysics - Solar and Stellar Astrophysics},
         year = 2018,
        month = sep,
       volume = {617},
          eid = {A37},
        pages = {A37},
          doi = {10.1051/0004-6361/201629454},
archivePrefix = {arXiv},
       eprint = {1806.04792},
 primaryClass = {astro-ph.EP},
       adsurl = {https://ui.adsabs.harvard.edu/abs/2018A&A...617A..37C},
      adsnote = {Provided by the SAO/NASA Astrophysics Data System}
}
@ARTICLE{2019ChristiaensProto,
       author = {{Christiaens}, V. and {Casassus}, S. and {Absil}, O. and {Cantalloube}, F. and {Gomez Gonzalez}, C. and {Girard}, J. and {Ram{\'\i}rez}, R. and {Pairet}, B. and {Salinas}, V. and {Price}, D.~J. and {Pinte}, C. and {Quanz}, S.~P. and {Jord{\'a}n}, A. and {Mawet}, D. and {Wahhaj}, Z.},
        title = "{Separating extended disc features from the protoplanet in PDS 70 using VLT/SINFONI}",
      journal = {\mnras},
     keywords = {techniques: image processing, planet-disc interactions, protoplanetary discs, stars: individual: PDS 70, Astrophysics - Earth and Planetary Astrophysics},
         year = 2019,
        month = jul,
       volume = {486},
       number = {4},
        pages = {5819-5837},
          doi = {10.1093/mnras/stz1232},
archivePrefix = {arXiv},
       eprint = {1905.01860},
 primaryClass = {astro-ph.EP},
       adsurl = {https://ui.adsabs.harvard.edu/abs/2019MNRAS.486.5819C},
      adsnote = {Provided by the SAO/NASA Astrophysics Data System}
}
@ARTICLE{2018AHoeijmakersMM,
       author = {{Hoeijmakers}, H.~J. and {Schwarz}, H. and {Snellen}, I.~A.~G. and {de Kok}, R.~J. and {Bonnefoy}, M. and {Chauvin}, G. and {Lagrange}, A.~M. and {Girard}, J.~H.},
        title = "{Medium-resolution integral-field spectroscopy for high-contrast exoplanet imaging. Molecule maps of the {\ensuremath{\beta}} Pictoris system with SINFONI}",
      journal = {\aap},
     keywords = {infrared: planetary systems, techniques: imaging spectroscopy, planets and satellites: atmospheres, planets and satellites: detection, planets and satellites: gaseous planets, Astrophysics - Earth and Planetary Astrophysics},
         year = 2018,
        month = oct,
       volume = {617},
          eid = {A144},
        pages = {A144},
          doi = {10.1051/0004-6361/201832902},
archivePrefix = {arXiv},
       eprint = {1802.09721},
 primaryClass = {astro-ph.EP},
       adsurl = {https://ui.adsabs.harvard.edu/abs/2018A&A...617A.144H},
      adsnote = {Provided by the SAO/NASA Astrophysics Data System}
}
@ARTICLE{2021Houllematched,
       author = {{Houll{\'e}}, M. and {Vigan}, A. and {Carlotti}, A. and {Choquet}, {\'E}. and {Cantalloube}, F. and {Phillips}, M.~W. and {Sauvage}, J. -F. and {Schwartz}, N. and {Otten}, G.~P.~P.~L. and {Baraffe}, I. and {Emsenhuber}, A. and {Mordasini}, C.},
        title = "{Direct imaging and spectroscopy of exoplanets with the ELT/HARMONI high-contrast module}",
      journal = {\aap},
     keywords = {instrumentation: high angular resolution, techniques: imaging spectroscopy, infrared: planetary systems, planets and satellites: detection, Astrophysics - Earth and Planetary Astrophysics, Astrophysics - Instrumentation and Methods for Astrophysics},
         year = 2021,
        month = aug,
       volume = {652},
          eid = {A67},
        pages = {A67},
          doi = {10.1051/0004-6361/202140479},
archivePrefix = {arXiv},
       eprint = {2104.11251},
 primaryClass = {astro-ph.EP},
       adsurl = {https://ui.adsabs.harvard.edu/abs/2021A&A...652A..67H},
      adsnote = {Provided by the SAO/NASA Astrophysics Data System}
}
@ARTICLE{2014MawetSNR,
       author = {{Mawet}, D. and {Milli}, J. and {Wahhaj}, Z. and {Pelat}, D. and {Absil}, O. and {Delacroix}, C. and {Boccaletti}, A. and {Kasper}, M. and {Kenworthy}, M. and {Marois}, C. and {Mennesson}, B. and {Pueyo}, L.},
        title = "{Fundamental Limitations of High Contrast Imaging Set by Small Sample Statistics}",
      journal = {\apj},
     keywords = {methods: statistical, techniques: high angular resolution, Astrophysics - Instrumentation and Methods for Astrophysics},
         year = 2014,
        month = sep,
       volume = {792},
       number = {2},
          eid = {97},
        pages = {97},
          doi = {10.1088/0004-637X/792/2/97},
archivePrefix = {arXiv},
       eprint = {1407.2247},
 primaryClass = {astro-ph.IM},
       adsurl = {https://ui.adsabs.harvard.edu/abs/2014ApJ...792...97M},
      adsnote = {Provided by the SAO/NASA Astrophysics Data System}
}
@article{ruffio2019radial,
  title={Radial velocity measurements of HR 8799 b and c with medium resolution spectroscopy},
  author={Ruffio, Jean-Baptiste and Macintosh, Bruce and Konopacky, Quinn M and Barman, Travis and De Rosa, Robert J and Wang, Jason J and Wilcomb, Kielan K and Czekala, Ian and Marois, Christian},
  journal={The Astronomical Journal},
  volume={158},
  number={5},
  pages={200},
  year={2019},
  publisher={IOP Publishing}
}
@ARTICLE{2017AJGomezVIP,
       author = {{Gomez Gonzalez}, Carlos Alberto and {Wertz}, Olivier and {Absil}, Olivier and {Christiaens}, Valentin and {Defr{\`e}re}, Denis and {Mawet}, Dimitri and {Milli}, Julien and {Absil}, Pierre-Antoine and {Van Droogenbroeck}, Marc and {Cantalloube}, Faustine and {Hinz}, Philip M. and {Skemer}, Andrew J. and {Karlsson}, Mikael and {Surdej}, Jean},
        title = "{VIP: Vortex Image Processing Package for High-contrast Direct Imaging}",
      journal = {\aj},
     keywords = {methods: data analysis, planetary systems, planets and satellites: detection, techniques: high angular resolution, techniques: image processing, Astrophysics - Instrumentation and Methods for Astrophysics},
         year = 2017,
        month = jul,
       volume = {154},
       number = {1},
          eid = {7},
        pages = {7},
          doi = {10.3847/1538-3881/aa73d7},
archivePrefix = {arXiv},
       eprint = {1705.06184},
 primaryClass = {astro-ph.IM},
       adsurl = {https://ui.adsabs.harvard.edu/abs/2017AJ....154....7G},
      adsnote = {Provided by the SAO/NASA Astrophysics Data System}
}
@INPROCEEDINGS{2022SFlasseurDL,
       author = {{Flasseur}, Olivier and {Bodrito}, Th{\'e}o. and {Mairal}, Julien and {Ponce}, Jean and {Langlois}, Maud and {Lagrange}, Anne-Marie},
        title = "{Exoplanet detection in angular differential imaging: combining a statistics-based learning with a deep-based learning for improved detections}",
    booktitle = {Adaptive Optics Systems VIII},
         year = 2022,
       editor = {{Schreiber}, Laura and {Schmidt}, Dirk and {Vernet}, Elise},
       series = {Society of Photo-Optical Instrumentation Engineers (SPIE) Conference Series},
       volume = {12185},
        month = aug,
          eid = {121853S},
        pages = {121853S},
          doi = {10.1117/12.2629849},
       adsurl = {https://ui.adsabs.harvard.edu/abs/2022SPIE12185E..3SF},
      adsnote = {Provided by the SAO/NASA Astrophysics Data System}
}
@ARTICLE{2006MaroisADI,
       author = {{Marois}, Christian and {Lafreni{\`e}re}, David and {Doyon}, Ren{\'e} and {Macintosh}, Bruce and {Nadeau}, Daniel},
        title = "{Angular Differential Imaging: A Powerful High-Contrast Imaging Technique}",
      journal = {\apj},
     keywords = {Instrumentation: Adaptive Optics, Stars: Planetary Systems, Stars: Imaging, Astrophysics},
         year = 2006,
        month = apr,
       volume = {641},
       number = {1},
        pages = {556-564},
          doi = {10.1086/500401},
archivePrefix = {arXiv},
       eprint = {astro-ph/0512335},
 primaryClass = {astro-ph},
       adsurl = {https://ui.adsabs.harvard.edu/abs/2006ApJ...641..556M},
      adsnote = {Provided by the SAO/NASA Astrophysics Data System}
}
@ARTICLE{2007ThatteSDI,
       author = {{Thatte}, Niranjan and {Abuter}, Roberto and {Tecza}, Matthias and {Nielsen}, Eric L. and {Clarke}, Fraser J. and {Close}, Laird M.},
        title = "{Very high contrast integral field spectroscopy of AB Doradus C: 9-mag contrast at 0.2arcsec without a coronagraph using spectral deconvolution{\textdagger}}",
      journal = {\mnras},
     keywords = {instrumentation: adaptive optics, instrumentation: spectrographs, binaries: close, stars: individual: AB Doradus C, stars: low-mass, brown dwarfs, Astrophysics},
         year = 2007,
        month = jul,
       volume = {378},
       number = {4},
        pages = {1229-1236},
          doi = {10.1111/j.1365-2966.2007.11717.x},
archivePrefix = {arXiv},
       eprint = {astro-ph/0703565},
 primaryClass = {astro-ph},
       adsurl = {https://ui.adsabs.harvard.edu/abs/2007MNRAS.378.1229T},
      adsnote = {Provided by the SAO/NASA Astrophysics Data System}
}
@ARTICLE{2002SparksSDI,
       author = {{Sparks}, William B. and {Ford}, Holland C.},
        title = "{Imaging Spectroscopy for Extrasolar Planet Detection}",
      journal = {\apj},
     keywords = {Instrumentation: Miscellaneous, Methods: Analytical, Stars: Planetary Systems, Astrophysics},
         year = 2002,
        month = oct,
       volume = {578},
       number = {1},
        pages = {543-564},
          doi = {10.1086/342401},
archivePrefix = {arXiv},
       eprint = {astro-ph/0209078},
 primaryClass = {astro-ph},
       adsurl = {https://ui.adsabs.harvard.edu/abs/2002ApJ...578..543S},
      adsnote = {Provided by the SAO/NASA Astrophysics Data System}
}
@ARTICLE{2019ChristaensASDI,
       author = {{Christiaens}, V. and {Casassus}, S. and {Absil}, O. and {Cantalloube}, F. and {Gomez Gonzalez}, C. and {Girard}, J. and {Ram{\'\i}rez}, R. and {Pairet}, B. and {Salinas}, V. and {Price}, D.~J. and {Pinte}, C. and {Quanz}, S.~P. and {Jord{\'a}n}, A. and {Mawet}, D. and {Wahhaj}, Z.},
        title = "{Separating extended disc features from the protoplanet in PDS 70 using VLT/SINFONI}",
      journal = {\mnras},
     keywords = {techniques: image processing, planet-disc interactions, protoplanetary discs, stars: individual: PDS 70, Astrophysics - Earth and Planetary Astrophysics},
         year = 2019,
        month = jul,
       volume = {486},
       number = {4},
        pages = {5819-5837},
          doi = {10.1093/mnras/stz1232},
archivePrefix = {arXiv},
       eprint = {1905.01860},
 primaryClass = {astro-ph.EP},
       adsurl = {https://ui.adsabs.harvard.edu/abs/2019MNRAS.486.5819C},
      adsnote = {Provided by the SAO/NASA Astrophysics Data System}
}
@ARTICLE{1990ZhangCNN,
       author = {{Zhang}, Wei and {Itoh}, Kazuyoshi and {Tanida}, Jun and {Ichioka}, Yoshiki},
        title = "{Parallel distributed processing model with local space-invariant interconnections and its optical architecture}",
      journal = {\ao},
     keywords = {PATTERN RECOGNITION, OPTICAL PROCESSING, NEURAL NETWORKS, PARALLEL PROCESSING, ARCHITECTURES, INTERCONNECTS},
         year = 1990,
        month = nov,
       volume = {29},
       number = {32},
        pages = {4790-4797},
          doi = {10.1364/AO.29.004790},
       adsurl = {https://ui.adsabs.harvard.edu/abs/1990ApOpt..29.4790Z},
      adsnote = {Provided by the SAO/NASA Astrophysics Data System}
}
@article{1997HocherieterLSTM,
    author = {Hochreiter, Sepp and Schmidhuber, Jürgen},
    title = "{Long Short-Term Memory}",
    journal = {Neural Computation},
    volume = {9},
    number = {8},
    pages = {1735-1780},
    year = {1997},
    month = {11},
    issn = {0899-7667},
    doi = {10.1162/neco.1997.9.8.1735},
    url = {https://doi.org/10.1162/neco.1997.9.8.1735},
    eprint = {https://direct.mit.edu/neco/article-pdf/9/8/1735/813796/neco.1997.9.8.1735.pdf},
}
@Article{2022convLSTM,
author="Liao, JunHua
and Liu, LunXin
and Duan, HaiHan
and Huang, YunZhi
and Zhou, LiangXue
and Chen, LiangYin
and Wang, ChaoHua",
title="Using a Convolutional Neural Network and Convolutional Long Short-term Memory to Automatically Detect Aneurysms on 2D Digital Subtraction Angiography Images: Framework Development and Validation",
journal="JMIR Med Inform",
year="2022",
month="Mar",
day="16",
volume="10",
number="3",
pages="e28880",
keywords="convolutional neural network; convolutional long short-term memory; cerebral aneurysm; deep learning",
issn="2291-9694",
doi="10.2196/28880",
url="https://medinform.jmir.org/2022/3/e28880",
url="https://doi.org/10.2196/28880",
url="http://www.ncbi.nlm.nih.gov/pubmed/35294371"
}
@article{shi2015convolutional,
  title={Convolutional LSTM network: A machine learning approach for precipitation nowcasting},
  author={Shi, Xingjian and Chen, Zhourong and Wang, Hao and Yeung, Dit-Yan and Wong, Wai-Kin and Woo, Wang-chun},
  journal={Advances in neural information processing systems},
  volume={28},
  year={2015}
}
@ARTICLE{2022MatchevUnsupervised,
       author = {{Matchev}, Konstantin T. and {Matcheva}, Katia and {Roman}, Alexander},
        title = "{Unsupervised Machine Learning for Exploratory Data Analysis of Exoplanet Transmission Spectra}",
      journal = {psj},
     keywords = {Clustering, Principal component analysis, Dimensionality reduction, Transmission spectroscopy, Radiative transfer, Exoplanet atmospheres, 1908, 1944, 1943, 2133, 1335, 487, Astrophysics - Earth and Planetary Astrophysics, Computer Science - Machine Learning, Physics - Data Analysis, Statistics and Probability},
         year = 2022,
        month = sep,
       volume = {3},
       number = {9},
          eid = {205},
        pages = {205},
          doi = {10.3847/PSJ/ac880b},
archivePrefix = {arXiv},
       eprint = {2201.02696},
 primaryClass = {astro-ph.EP},
       adsurl = {https://ui.adsabs.harvard.edu/abs/2022PSJ.....3..205M},
      adsnote = {Provided by the SAO/NASA Astrophysics Data System}
}
@INPROCEEDINGS{2022Baumeister,
       author = {{Baumeister}, Philipp and {Tosi}, Nicola and {Grenfell}, John Lee and {Mackenzie}, Jasmine},
        title = "{Rapid characterization of exoplanets interiors with Mixture Density Networks}",
    booktitle = {44th COSPAR Scientific Assembly. Held 16-24 July},
         year = 2022,
       volume = {44},
        month = jul,
        pages = {577},
       adsurl = {https://ui.adsabs.harvard.edu/abs/2022cosp...44..577B},
      adsnote = {Provided by the SAO/NASA Astrophysics Data System}
}
@ARTICLE{2022AgnesDetection,
       author = {{Agnes}, Cicy K and {Naveed V}, Akthar and {Chacko}, Anitha Mary M O},
        title = "{ExoSGAN and ExoACGAN: Exoplanet Detection using Adversarial Training Algorithms}",
      journal = {arXiv e-prints},
     keywords = {Astrophysics - Earth and Planetary Astrophysics, Astrophysics - Instrumentation and Methods for Astrophysics, Computer Science - Artificial Intelligence, Computer Science - Machine Learning},
         year = 2022,
        month = jul,
          eid = {arXiv:2207.09665},
        pages = {arXiv:2207.09665},
archivePrefix = {arXiv},
       eprint = {2207.09665},
 primaryClass = {astro-ph.EP},
       adsurl = {https://ui.adsabs.harvard.edu/abs/2022arXiv220709665A},
      adsnote = {Provided by the SAO/NASA Astrophysics Data System}
}
@ARTICLE{2022Gebhard,
       author = {{Gebhard}, Timothy D. and {Bonse}, Markus J. and {Quanz}, Sascha P. and {Sch{\"o}lkopf}, Bernhard},
        title = "{Half-sibling regression meets exoplanet imaging: PSF modeling and subtraction using a flexible, domain knowledge-driven, causal framework}",
      journal = {\aap},
     keywords = {methods: data analysis, techniques: image processing, planets and satellites: detection, Astrophysics - Instrumentation and Methods for Astrophysics, Astrophysics - Earth and Planetary Astrophysics, Computer Science - Machine Learning},
         year = 2022,
        month = oct,
       volume = {666},
          eid = {A9},
        pages = {A9},
          doi = {10.1051/0004-6361/202142529},
archivePrefix = {arXiv},
       eprint = {2204.03439},
 primaryClass = {astro-ph.IM},
       adsurl = {https://ui.adsabs.harvard.edu/abs/2022A&A...666A...9G},
      adsnote = {Provided by the SAO/NASA Astrophysics Data System}
}
@ARTICLE{2019HoeijmakersWavelength,
       author = {{Hoeijmakers}, H.~J. and {Ehrenreich}, D. and {Kitzmann}, D. and {Allart}, R. and {Grimm}, S.~L. and {Seidel}, J.~V. and {Wyttenbach}, A. and {Pino}, L. and {Nielsen}, L.~D. and {Fisher}, C. and {Rimmer}, P.~B. and {Bourrier}, V. and {Cegla}, H.~M. and {Lavie}, B. and {Lovis}, C. and {Patzer}, A.~B.~C. and {Stock}, J.~W. and {Pepe}, F.~V. and {Heng}, K.},
        title = "{VizieR Online Data Catalog: KELT-9 b atmos. model transmission spectra (Hoeijmakers+, 2019)}",
      journal = {VizieR Online Data Catalog},
     keywords = {Stars: double and multiple, Exoplanets, Spectroscopy},
         year = 2019,
        month = jul,
          eid = {J/A+A/627/A165},
        pages = {J/A+A/627/A165},
       adsurl = {https://ui.adsabs.harvard.edu/abs/2019yCat..36270165H},
      adsnote = {Provided by the SAO/NASA Astrophysics Data System}
}
@MISC{2022Molliere,
       author = {{Molli{\`e}re}, Paul and {Nasedkin}, Evert and {Alei}, Eleonora and {Molaverdikhani}, Karan and {Zilinskas}, Mantas},
        title = "{petitRADTRANS: Exoplanet spectra calculator}",
     keywords = {Software},
 howpublished = {Astrophysics Source Code Library, record ascl:2207.014},
         year = 2022,
        month = jul,
          eid = {ascl:2207.014},
        pages = {ascl:2207.014},
archivePrefix = {ascl},
       eprint = {2207.014},
       adsurl = {https://ui.adsabs.harvard.edu/abs/2022ascl.soft07014M},
      adsnote = {Provided by the SAO/NASA Astrophysics Data System}
}
@ARTICLE{2018Aoyama,
       author = {{Aoyama}, Yuhiko and {Ikoma}, Masahiro and {Tanigawa}, Takayuki},
        title = "{Theoretical Model of Hydrogen Line Emission from Accreting Gas Giants}",
      journal = {\apj},
     keywords = {accretion, accretion disks, line: formation, planets and satellites: detection, planets and satellites: formation, radiative transfer, Astrophysics - Earth and Planetary Astrophysics},
         year = 2018,
        month = oct,
       volume = {866},
       number = {2},
          eid = {84},
        pages = {84},
          doi = {10.3847/1538-4357/aadc11},
archivePrefix = {arXiv},
       eprint = {1808.06776},
 primaryClass = {astro-ph.EP},
       adsurl = {https://ui.adsabs.harvard.edu/abs/2018ApJ...866...84A},
      adsnote = {Provided by the SAO/NASA Astrophysics Data System}
}

@ARTICLE{2018Hoeijmakers,
       author = {{Hoeijmakers}, H.~J. and {Schwarz}, H. and {Snellen}, I.~A.~G. and {de Kok}, R.~J. and {Bonnefoy}, M. and {Chauvin}, G. and {Lagrange}, A.~M. and {Girard}, J.~H.},
        title = "{Medium-resolution integral-field spectroscopy for high-contrast exoplanet imaging. Molecule maps of the {\ensuremath{\beta}} Pictoris system with SINFONI}",
      journal = {\aap},
     keywords = {infrared: planetary systems, techniques: imaging spectroscopy, planets and satellites: atmospheres, planets and satellites: detection, planets and satellites: gaseous planets, Astrophysics - Earth and Planetary Astrophysics},
         year = 2018,
        month = oct,
       volume = {617},
          eid = {A144},
        pages = {A144},
          doi = {10.1051/0004-6361/201832902},
archivePrefix = {arXiv},
       eprint = {1802.09721},
 primaryClass = {astro-ph.EP},
       adsurl = {https://ui.adsabs.harvard.edu/abs/2018A&A...617A.144H},
      adsnote = {Provided by the SAO/NASA Astrophysics Data System}
}
@ARTICLE{2017Ruffio,
       author = {{Ruffio}, Jean-Baptiste and {Macintosh}, Bruce and {Wang}, Jason J. and {Pueyo}, Laurent and {Nielsen}, Eric L. and {De Rosa}, Robert J. and {Czekala}, Ian and {Marley}, Mark S. and {Arriaga}, Pauline and {Bailey}, Vanessa P. and {Barman}, Travis and {Bulger}, Joanna and {Chilcote}, Jeffrey and {Cotten}, Tara and {Doyon}, Rene and {Duch{\^e}ne}, Gaspard and {Fitzgerald}, Michael P. and {Follette}, Katherine B. and {Gerard}, Benjamin L. and {Goodsell}, Stephen J. and {Graham}, James R. and {Greenbaum}, Alexandra Z. and {Hibon}, Pascale and {Hung}, Li-Wei and {Ingraham}, Patrick and {Kalas}, Paul and {Konopacky}, Quinn and {Larkin}, James E. and {Maire}, J{\'e}r{\^o}me and {Marchis}, Franck and {Marois}, Christian and {Metchev}, Stanimir and {Millar-Blanchaer}, Maxwell A. and {Morzinski}, Katie M. and {Oppenheimer}, Rebecca and {Palmer}, David and {Patience}, Jennifer and {Perrin}, Marshall and {Poyneer}, Lisa and {Rajan}, Abhijith and {Rameau}, Julien and {Rantakyr{\"o}}, Fredrik T. and {Savransky}, Dmitry and {Schneider}, Adam C. and {Sivaramakrishnan}, Anand and {Song}, Inseok and {Soummer}, Remi and {Thomas}, Sandrine and {Wallace}, J. Kent and {Ward-Duong}, Kimberly and {Wiktorowicz}, Sloane and {Wolff}, Schuyler},
        title = "{Improving and Assessing Planet Sensitivity of the GPI Exoplanet Survey with a Forward Model Matched Filter}",
      journal = {\apj},
     keywords = {instrumentation: adaptive optics, methods: statistical, planetary systems, surveys, techniques: high angular resolution, techniques: image processing, Astrophysics - Earth and Planetary Astrophysics, Astrophysics - Instrumentation and Methods for Astrophysics},
         year = 2017,
        month = jun,
       volume = {842},
       number = {1},
          eid = {14},
        pages = {14},
          doi = {10.3847/1538-4357/aa72dd},
archivePrefix = {arXiv},
       eprint = {1705.05477},
 primaryClass = {astro-ph.EP},
       adsurl = {https://ui.adsabs.harvard.edu/abs/2017ApJ...842...14R},
      adsnote = {Provided by the SAO/NASA Astrophysics Data System}
}
@ARTICLE{2023Christiaens,
       author = {{Christiaens}, Valentin and {Gonzalez}, Carlos and {Farkas}, Ralf and {Dahlqvist}, Carl-Henrik and {Nasedkin}, Evert and {Milli}, Julien and {Absil}, Olivier and {Ngo}, Henry and {Cantero}, Carles and {Rainot}, Alan and {Hammond}, Iain and {Bonse}, Markus and {Cantalloube}, Faustine and {Vigan}, Arthur and {Kompella}, Vijay and {Hancock}, Paul},
        title = "{VIP: A Python package for high-contrast imaging}",
      journal = {The Journal of Open Source Software},
     keywords = {Python, high-contrast, astronomy, exoplanets, direct imaging},
         year = 2023,
        month = jan,
       volume = {8},
       number = {81},
          eid = {4774},
        pages = {4774},
          doi = {10.21105/joss.04774},
       adsurl = {https://ui.adsabs.harvard.edu/abs/2023JOSS....8.4774C},
      adsnote = {Provided by the SAO/NASA Astrophysics Data System}
}
@ARTICLE{2014Adam,
       author = {{Kingma}, Diederik P. and {Ba}, Jimmy},
        title = "{Adam: A Method for Stochastic Optimization}",
      journal = {arXiv e-prints},
     keywords = {Computer Science - Machine Learning},
         year = 2014,
        month = dec,
          eid = {arXiv:1412.6980},
        pages = {arXiv:1412.6980},
          doi = {10.48550/arXiv.1412.6980},
archivePrefix = {arXiv},
       eprint = {1412.6980},
 primaryClass = {cs.LG},
       adsurl = {https://ui.adsabs.harvard.edu/abs/2014arXiv1412.6980K},
      adsnote = {Provided by the SAO/NASA Astrophysics Data System}
}
@ARTICLE{2015LOCI,
       author = {{Wahhaj}, Zahed and {Cieza}, Lucas A. and {Mawet}, Dimitri and {Yang}, Bin and {Canovas}, Hector and {de Boer}, Jozua and {Casassus}, Simon and {M{\'e}nard}, Fran{\c{c}}ois and {Schreiber}, Matthias R. and {Liu}, Michael C. and {Biller}, Beth A. and {Nielsen}, Eric L. and {Hayward}, Thomas L.},
        title = "{Improving signal-to-noise in the direct imaging of exoplanets and circumstellar disks with MLOCI}",
      journal = {\aap},
     keywords = {planets and satellites: detection, instrumentation: adaptive optics, methods: data analysis, techniques: image processing, Astrophysics - Earth and Planetary Astrophysics, Astrophysics - Instrumentation and Methods for Astrophysics},
         year = 2015,
        month = sep,
       volume = {581},
          eid = {A24},
        pages = {A24},
          doi = {10.1051/0004-6361/201525837},
archivePrefix = {arXiv},
       eprint = {1502.03092},
 primaryClass = {astro-ph.EP},
       adsurl = {https://ui.adsabs.harvard.edu/abs/2015A&A...581A..24W},
      adsnote = {Provided by the SAO/NASA Astrophysics Data System}
}
@INPROCEEDINGS{2018PACO,
       author = {{Flasseur}, Olivier and {Denis}, Lo{\"\i}c. and {Thi{\'e}baut}, {\'E}ric M. and {Langlois}, Maud},
        title = "{Exoplanet detection in angular and spectral differential imaging: local learning of background correlations for improved detections}",
    booktitle = {Adaptive Optics Systems VI},
         year = 2018,
       editor = {{Close}, Laird M. and {Schreiber}, Laura and {Schmidt}, Dirk},
       series = {Society of Photo-Optical Instrumentation Engineers (SPIE) Conference Series},
       volume = {10703},
        month = jul,
          eid = {107032R},
        pages = {107032R},
          doi = {10.1117/12.2313601},
       adsurl = {https://ui.adsabs.harvard.edu/abs/2018SPIE10703E..2RF},
      adsnote = {Provided by the SAO/NASA Astrophysics Data System}
}

@ARTICLE{2020Fluke,
       author = {{Fluke}, Christopher J. and {Jacobs}, Colin},
        title = "{Surveying the reach and maturity of machine learning and artificial intelligence in astronomy}",
      journal = {WIREs Data Mining and Knowledge Discovery},
     keywords = {Astrophysics - Instrumentation and Methods for Astrophysics},
         year = 2020,
        month = jan,
       volume = {10},
       number = {2},
          eid = {e1349},
        pages = {e1349},
          doi = {10.1002/widm.1349},
archivePrefix = {arXiv},
       eprint = {1912.02934},
 primaryClass = {astro-ph.IM},
       adsurl = {https://ui.adsabs.harvard.edu/abs/2020WDMKD..10.1349F},
      adsnote = {Provided by the SAO/NASA Astrophysics Data System}
}
@ARTICLE{2018Pearson,
       author = {{Pearson}, Kyle A. and {Palafox}, Leon and {Griffith}, Caitlin A.},
        title = "{Searching for exoplanets using artificial intelligence}",
      journal = {\mnras},
     keywords = {Astrophysics - Instrumentation and Methods for Astrophysics, Astrophysics - Earth and Planetary Astrophysics},
         year = 2018,
        month = feb,
       volume = {474},
       number = {1},
        pages = {478-491},
          doi = {10.1093/mnras/stx2761},
archivePrefix = {arXiv},
       eprint = {1706.04319},
 primaryClass = {astro-ph.IM},
       adsurl = {https://ui.adsabs.harvard.edu/abs/2018MNRAS.474..478P},
      adsnote = {Provided by the SAO/NASA Astrophysics Data System}
}

@ARTICLE{2018Marquez-Neila,
       author = {{M{\'a}rquez-Neila}, Pablo and {Fisher}, Chloe and {Sznitman}, Raphael and {Heng}, Kevin},
        title = "{Supervised machine learning for analysing spectra of exoplanetary atmospheres}",
      journal = {Nature Astronomy},
     keywords = {Astrophysics - Earth and Planetary Astrophysics, Physics - Atmospheric and Oceanic Physics, Physics - Data Analysis, Statistics and Probability},
         year = 2018,
        month = jun,
       volume = {2},
        pages = {719-724},
          doi = {10.1038/s41550-018-0504-2},
archivePrefix = {arXiv},
       eprint = {1806.03944},
 primaryClass = {astro-ph.EP},
       adsurl = {https://ui.adsabs.harvard.edu/abs/2018NatAs...2..719M},
      adsnote = {Provided by the SAO/NASA Astrophysics Data System}
}
@Inbook{Rojas1996,
author="Rojas, Ra{\'u}l",
title="The Backpropagation Algorithm",
bookTitle="Neural Networks: A Systematic Introduction",
year="1996",
publisher="Springer Berlin Heidelberg",
address="Berlin, Heidelberg",
pages="149--182",
abstract="We saw in the last chapter that multilayered networks are capable of computing a wider range of Boolean functions than networks with a single layer of computing units. However the computational effort needed for finding the correct combination of weights increases substantially when more parameters and more complicated topologies are considered. In this chapter we discuss a popular learning method capable of handling such large learning problems---the backpropagation algorithm. This numerical method was used by different research communities in different contexts, was discovered and rediscovered, until in 1985 it found its way into connectionist AI mainly through the work of the PDP group [382]. It has been one of the most studied and used algorithms for neural networks learning ever since.",
isbn="978-3-642-61068-4",
doi="10.1007/978-3-642-61068-4_7",
url="https://doi.org/10.1007/978-3-642-61068-4_7"
}
@INPROCEEDINGS{2020Tao,
       author = {{Tao}, Yihan and {Zhang}, Yanxia and {Cui}, Chenzhou and {Zhang}, Ge},
        title = "{Automated Spectral Classification of Galaxies using Machine Learning Approach on Alibaba Cloud AI platform (PAI)}",
    booktitle = {Astronomical Data Analysis Software and Systems XXVII},
         year = 2020,
       editor = {{Ballester}, Pascal and {Ibsen}, Jorge and {Solar}, Mauricio and {Shortridge}, Keith},
       series = {Astronomical Society of the Pacific Conference Series},
       volume = {522},
        month = apr,
        pages = {421},
       adsurl = {https://ui.adsabs.harvard.edu/abs/2020ASPC..522..421T},
      adsnote = {Provided by the SAO/NASA Astrophysics Data System}
}
@ARTICLE{2019Leung,
       author = {{Leung}, Henry W. and {Bovy}, Jo},
        title = "{Deep learning of multi-element abundances from high-resolution spectroscopic data}",
      journal = {\mnras},
     keywords = {methods: data analysis, techniques: spectroscopic, stars: abundances, stars: fundamental parameters, Astrophysics - Astrophysics of Galaxies, Astrophysics - Instrumentation and Methods for Astrophysics},
         year = 2019,
        month = mar,
       volume = {483},
       number = {3},
        pages = {3255-3277},
          doi = {10.1093/mnras/sty3217},
archivePrefix = {arXiv},
       eprint = {1808.04428},
 primaryClass = {astro-ph.GA},
       adsurl = {https://ui.adsabs.harvard.edu/abs/2019MNRAS.483.3255L},
      adsnote = {Provided by the SAO/NASA Astrophysics Data System}
}
@ARTICLE{2023Carlito,
       author = {{Cantero}, Carles and {Absil}, Olivier and {Dahlqvist}, Carl-Henrik and {Van Droogenbroeck}, Marc},
        title = "{NA-SODINN: a deep learning algorithm for exoplanet image detection based on residual noise regimes}",
      journal = {arXiv e-prints},
     keywords = {Astrophysics - Instrumentation and Methods for Astrophysics, Astrophysics - Earth and Planetary Astrophysics, Computer Science - Machine Learning, Electrical Engineering and Systems Science - Image and Video Processing},
         year = 2023,
        month = feb,
          eid = {arXiv:2302.02854},
        pages = {arXiv:2302.02854},
          doi = {10.48550/arXiv.2302.02854},
archivePrefix = {arXiv},
       eprint = {2302.02854},
 primaryClass = {astro-ph.IM},
       adsurl = {https://ui.adsabs.harvard.edu/abs/2023arXiv230202854C},
      adsnote = {Provided by the SAO/NASA Astrophysics Data System}
}

@article{dietterich1995overfitting,
  title={Overfitting and undercomputing in machine learning},
  author={Dietterich, Tom},
  journal={ACM computing surveys (CSUR)},
  volume={27},
  number={3},
  pages={326--327},
  year={1995},
  publisher={ACM New York, NY, USA}
}
@article{patel2017sgd,
  title={On SGD's Failure in Practice: Characterizing and Overcoming Stalling},
  author={Patel, Vivak},
  journal={arXiv preprint arXiv:1702.00317},
  year={2017}
}
@ARTICLE{1993Li,
       author = {{Li}, C.~H. and {Lee}, C.~K.},
        title = "{Minimum cross entropy thresholding}",
      journal = {Pattern Recognition},
     keywords = {Thresholding, Image segmentation, Minimum cross entropy, Maximum entropy method},
         year = 1993,
        month = jan,
       volume = {26},
       number = {4},
        pages = {617-625},
          doi = {10.1016/0031-3203(93)90115-D},
       adsurl = {https://ui.adsabs.harvard.edu/abs/1993PatRe..26..617L},
      adsnote = {Provided by the SAO/NASA Astrophysics Data System}
}
@MISC{2015Esorex,
       author = {{ESO CPL Development Team}},
        title = "{EsoRex: ESO Recipe Execution Tool}",
     keywords = {Software},
 howpublished = {Astrophysics Source Code Library, record ascl:1504.003},
         year = 2015,
        month = apr,
          eid = {ascl:1504.003},
        pages = {ascl:1504.003},
archivePrefix = {ascl},
       eprint = {1504.003},
       adsurl = {https://ui.adsabs.harvard.edu/abs/2015ascl.soft04003E},
      adsnote = {Provided by the SAO/NASA Astrophysics Data System}
}
@MISC{2022astropy,
       author = {{Bradley}, Larry and {Sip{\H{o}}cz}, Brigitta and {Robitaille}, Thomas and {Tollerud}, Erik and {Vin{\'\i}cius}, Z{\'e} and {Deil}, Christoph and {Barbary}, Kyle and {Wilson}, Tom J and {Busko}, Ivo and {Donath}, Axel and {G{\"u}nther}, Hans Moritz and {Cara}, Mihai and {Lim}, P.~L. and {Me{\ss}linger}, Sebastian and {Conseil}, Simon and {Bostroem}, Azalee and {Droettboom}, Michael and {Bray}, E.~M. and {Andersen Bratholm}, Lars and {Barentsen}, Geert and {Craig}, Matt and {Ginsburg}, Adam and {Rathi}, Shivangee and {Pascual}, Sergio and {Perren}, Gabriel and {Georgiev}, Iskren Y. and {De Val-Borro}, Miguel and {Kerzendorf}, Wolfgang and {Bach}, Yoonsoo P. and {Quint}, Bruno},
        title = "{astropy/photutils: 1.6.0}",
 howpublished = {Zenodo},
         year = 2022,
        month = dec,
          eid = {10.5281/zenodo.7419741},
          doi = {10.5281/zenodo.7419741},
      version = {1.6.0},
    publisher = {Zenodo},
       adsurl = {https://ui.adsabs.harvard.edu/abs/2022zndo...7419741B},
      adsnote = {Provided by the SAO/NASA Astrophysics Data System}
}
@ARTICLE{2016Bryan,
       author = {{Bryan}, Marta L. and {Knutson}, Heather A. and {Howard}, Andrew W. and {Ngo}, Henry and {Batygin}, Konstantin and {Crepp}, Justin R. and {Fulton}, B.~J. and {Hinkley}, Sasha and {Isaacson}, Howard and {Johnson}, John A. and {Marcy}, Geoffry W. and {Wright}, Jason T.},
        title = "{Statistics of Long Period Gas Giant Planets in Known Planetary Systems}",
      journal = {\apj},
     keywords = {planetary systems, methods: statistical, techniques: radial velocities, Astrophysics - Earth and Planetary Astrophysics},
         year = 2016,
        month = apr,
       volume = {821},
       number = {2},
          eid = {89},
        pages = {89},
          doi = {10.3847/0004-637X/821/2/89},
archivePrefix = {arXiv},
       eprint = {1601.07595},
 primaryClass = {astro-ph.EP},
       adsurl = {https://ui.adsabs.harvard.edu/abs/2016ApJ...821...89B},
      adsnote = {Provided by the SAO/NASA Astrophysics Data System}
}
@ARTICLE{2023Mesa,
       author = {{Mesa}, D. and {Gratton}, R. and {Kervella}, P. and {Bonavita}, M. and {Desidera}, S. and {D'Orazi}, V. and {Marino}, S. and {Zurlo}, A. and {Rigliaco}, E.},
        title = "{AF Lep b: The lowest-mass planet detected by coupling astrometric and direct imaging data,★}",
      journal = {\aap},
     keywords = {instrumentation: spectrographs, methods: data analysis, techniques: imaging spectroscopy, planetary systems, stars: individual: AF Lep, Astrophysics - Earth and Planetary Astrophysics, Astrophysics - Solar and Stellar Astrophysics},
         year = 2023,
        month = apr,
       volume = {672},
          eid = {A93},
        pages = {A93},
          doi = {10.1051/0004-6361/202345865},
archivePrefix = {arXiv},
       eprint = {2302.06213},
 primaryClass = {astro-ph.EP},
       adsurl = {https://ui.adsabs.harvard.edu/abs/2023A&A...672A..93M},
      adsnote = {Provided by the SAO/NASA Astrophysics Data System}
}
@INPROCEEDINGS{2022BAASRuffio,
       author = {{Ruffio}, Jean-Baptiste and {Konopacky}, Quinn and {Macintosh}, Bruce and {Barman}, Travis and {Agrawal}, Shubh and {Wilcomb}, Kielan and {Nielsen}, Eric and {Mawet}, Dimitri and {Marois}, Christian and {Patience}, Jenny},
        title = "{Probing exoplanet formation with moderate resolution spectroscopy}",
    booktitle = {Bulletin of the American Astronomical Society},
         year = 2022,
       volume = {54},
        month = jun,
          eid = {102.311},
        pages = {102.311},
       adsurl = {https://ui.adsabs.harvard.edu/abs/2022BAAS...54e.311R},
      adsnote = {Provided by the SAO/NASA Astrophysics Data System}
}
@INPROCEEDINGS{2021Wang,
       author = {{Wang}, Jason J. and {Delorme}, Jacques-Robert and {Ruffio}, Jean-Baptiste and {Morris}, Evan and {Jovanovic}, Nemanja and {Echeverri}, Daniel and {Schofield}, Tobias and {Pezzato}, Jacklyn and {Skemer}, Andy and {Mawet}, Dimitri},
        title = "{High resolution spectroscopy of directly imaged exoplanets with KPIC}",
    booktitle = {Society of Photo-Optical Instrumentation Engineers (SPIE) Conference Series},
         year = 2021,
       editor = {{Shaklan}, Stuart B. and {Ruane}, Garreth J.},
       series = {Society of Photo-Optical Instrumentation Engineers (SPIE) Conference Series},
       volume = {11823},
        month = sep,
          eid = {1182302},
        pages = {1182302},
          doi = {10.1117/12.2596484},
       adsurl = {https://ui.adsabs.harvard.edu/abs/2021SPIE11823E..02W},
      adsnote = {Provided by the SAO/NASA Astrophysics Data System}
}
@ARTICLE{2020ViT,
       author = {{Dosovitskiy}, Alexey and {Beyer}, Lucas and {Kolesnikov}, Alexander and {Weissenborn}, Dirk and {Zhai}, Xiaohua and {Unterthiner}, Thomas and {Dehghani}, Mostafa and {Minderer}, Matthias and {Heigold}, Georg and {Gelly}, Sylvain and {Uszkoreit}, Jakob and {Houlsby}, Neil},
        title = "{An Image is Worth 16x16 Words: Transformers for Image Recognition at Scale}",
      journal = {arXiv e-prints},
     keywords = {Computer Science - Computer Vision and Pattern Recognition, Computer Science - Artificial Intelligence, Computer Science - Machine Learning},
         year = 2020,
        month = oct,
          eid = {arXiv:2010.11929},
        pages = {arXiv:2010.11929},
          doi = {10.48550/arXiv.2010.11929},
archivePrefix = {arXiv},
       eprint = {2010.11929},
 primaryClass = {cs.CV},
       adsurl = {https://ui.adsabs.harvard.edu/abs/2020arXiv201011929D},
      adsnote = {Provided by the SAO/NASA Astrophysics Data System}

}
@ARTICLE{2022Gani,
       author = {{Gani}, Hanan and {Naseer}, Muzammal and {Yaqub}, Mohammad},
        title = "{How to Train Vision Transformer on Small-scale Datasets?}",
      journal = {arXiv e-prints},
     keywords = {Computer Science - Computer Vision and Pattern Recognition},
         year = 2022,
        month = oct,
          eid = {arXiv:2210.07240},
        pages = {arXiv:2210.07240},
          doi = {10.48550/arXiv.2210.07240},
archivePrefix = {arXiv},
       eprint = {2210.07240},
 primaryClass = {cs.CV},
       adsurl = {https://ui.adsabs.harvard.edu/abs/2022arXiv221007240G},
      adsnote = {Provided by the SAO/NASA Astrophysics Data System}
}
@ARTICLE{2022Daglayan,
       author = {{Daglayan}, Hazan and {Vary}, Simon and {Cantalloube}, Faustine and {Absil}, P. -A. and {Absil}, Olivier},
        title = "{Likelihood ratio map for direct exoplanet detection}",
      journal = {arXiv e-prints},
     keywords = {Astrophysics - Instrumentation and Methods for Astrophysics, Astrophysics - Earth and Planetary Astrophysics},
         year = 2022,
        month = oct,
          eid = {arXiv:2210.10609},
        pages = {arXiv:2210.10609},
          doi = {10.48550/arXiv.2210.10609},
archivePrefix = {arXiv},
       eprint = {2210.10609},
 primaryClass = {astro-ph.IM},
       adsurl = {https://ui.adsabs.harvard.edu/abs/2022arXiv221010609D},
      adsnote = {Provided by the SAO/NASA Astrophysics Data System}
}
@article{Jensen-Clem_2018,
doi = {10.3847/1538-3881/aa97e4},
url = {https://dx.doi.org/10.3847/1538-3881/aa97e4},
year = {2017},
month = {dec},
publisher = {The American Astronomical Society},
volume = {155},
number = {1},
pages = {19},
author = {Rebecca Jensen-Clem and Dimitri Mawet and Carlos A. Gomez Gonzalez and Olivier Absil and Ruslan Belikov and Thayne Currie and Matthew A. Kenworthy and Christian Marois and Johan Mazoyer and Garreth Ruane and Angelle Tanner and Faustine Cantalloube},
title = {A New Standard for Assessing the Performance of High Contrast Imaging Systems},
journal = {The Astronomical Journal},
abstract = {As planning for the next generation of high contrast imaging instruments (e.g., WFIRST, HabEx, and LUVOIR, TMT-PFI, EELT-EPICS) matures and second-generation ground-based extreme adaptive optics facilities (e.g., VLT-SPHERE, Gemini-GPI) finish their principal surveys, it is imperative that the performance of different designs, post-processing algorithms, observing strategies, and survey results be compared in a consistent, statistically robust framework. In this paper, we argue that the current industry standard for such comparisons—the contrast curve—falls short of this mandate. We propose a new figure of merit, the “performance map,” that incorporates three fundamental concepts in signal detection theory: the true positive fraction, the false positive fraction, and the detection threshold. By supplying a theoretical basis and recipe for generating the performance map, we hope to encourage the widespread adoption of this new metric across subfields in exoplanet imaging.}
}
@ARTICLE{2008Marois,
       author = {{Marois}, Christian and {Lafreni{\`e}re}, David and {Macintosh}, Bruce and {Doyon}, Ren{\'e}},
        title = "{Confidence Level and Sensitivity Limits in High-Contrast Imaging}",
      journal = {\apj},
     keywords = {instrumentation: adaptive optics, instrumentation: high angular resolution, methods: data analysis, methods: statistical, planetary systems, stars: imaging, stars: low-mass, brown dwarfs, techniques: image processing, Astrophysics},
         year = 2008,
        month = jan,
       volume = {673},
       number = {1},
        pages = {647-656},
          doi = {10.1086/523839},
archivePrefix = {arXiv},
       eprint = {0709.3548},
 primaryClass = {astro-ph},
       adsurl = {https://ui.adsabs.harvard.edu/abs/2008ApJ...673..647M},
      adsnote = {Provided by the SAO/NASA Astrophysics Data System}
}
@INPROCEEDINGS{2003SEisenhauer,
       author = {{Eisenhauer}, Frank and {Abuter}, Roberto and {Bickert}, Klaus and {Biancat-Marchet}, Fabio and {Bonnet}, Henri and {Brynnel}, Joar and {Conzelmann}, Ralf D. and {Delabre}, Bernard and {Donaldson}, Robert and {Farinato}, Jacopo and {Fedrigo}, Enrico and {Genzel}, Reinhard and {Hubin}, Norbert N. and {Iserlohe}, Christof and {Kasper}, Markus E. and {Kissler-Patig}, Markus and {Monnet}, Guy J. and {Roehrle}, Claudia and {Schreiber}, Juergen and {Stroebele}, Stefan and {Tecza}, Matthias and {Thatte}, Niranjan A. and {Weisz}, Harald},
        title = "{SINFONI - Integral field spectroscopy at 50 milli-arcsecond resolution with the ESO VLT}",
     keywords = {Astrophysics},
    booktitle = {Instrument Design and Performance for Optical/Infrared Ground-based Telescopes},
         year = 2003,
       editor = {{Iye}, Masanori and {Moorwood}, Alan F.~M.},
       series = {Society of Photo-Optical Instrumentation Engineers (SPIE) Conference Series},
       volume = {4841},
        month = mar,
        pages = {1548-1561},
          doi = {10.1117/12.459468},
archivePrefix = {arXiv},
       eprint = {astro-ph/0306191},
 primaryClass = {astro-ph},
       adsurl = {https://ui.adsabs.harvard.edu/abs/2003SPIE.4841.1548E},
      adsnote = {Provided by the SAO/NASA Astrophysics Data System}
}
@ARTICLE{2006Abuter,
       author = {{Abuter}, R. and {Schreiber}, J. and {Eisenhauer}, F. and {Ott}, T. and {Horrobin}, M. and {Gillesen}, S.},
        title = "{SINFONI data reduction software}",
      journal = {\nar},
         year = 2006,
        month = jun,
       volume = {50},
       number = {4-5},
        pages = {398-400},
          doi = {10.1016/j.newar.2006.02.008},
       adsurl = {https://ui.adsabs.harvard.edu/abs/2006NewAR..50..398A},
      adsnote = {Provided by the SAO/NASA Astrophysics Data System}
}
@ARTICLE{2020Xie,
       author = {{Xie}, C. and {Haffert}, S.~Y. and {de Boer}, J. and {Kenworthy}, M.~A. and {Brinchmann}, J. and {Girard}, J. and {Snellen}, I.~A.~G. and {Keller}, C.~U.},
        title = "{Searching for proto-planets with MUSE}",
      journal = {\aap},
     keywords = {techniques: high angular resolution, techniques: imaging spectroscopy, techniques: image processing, planet-disk interactions, planets and satellites: detection, ISM: jets and outflows, Astrophysics - Earth and Planetary Astrophysics, Astrophysics - Instrumentation and Methods for Astrophysics, Astrophysics - Solar and Stellar Astrophysics},
         year = 2020,
        month = dec,
       volume = {644},
          eid = {A149},
        pages = {A149},
          doi = {10.1051/0004-6361/202038242},
archivePrefix = {arXiv},
       eprint = {2011.08043},
 primaryClass = {astro-ph.EP},
       adsurl = {https://ui.adsabs.harvard.edu/abs/2020A&A...644A.149X},
      adsnote = {Provided by the SAO/NASA Astrophysics Data System}
}
@ARTICLE{2014MacintoshGPI,
       author = {{Macintosh}, Bruce and {Graham}, James R. and {Ingraham}, Patrick and {Konopacky}, Quinn and {Marois}, Christian and {Perrin}, Marshall and {Poyneer}, Lisa and {Bauman}, Brian and {Barman}, Travis and {Burrows}, Adam S. and {Cardwell}, Andrew and {Chilcote}, Jeffrey and {De Rosa}, Robert J. and {Dillon}, Daren and {Doyon}, Rene and {Dunn}, Jennifer and {Erikson}, Darren and {Fitzgerald}, Michael P. and {Gavel}, Donald and {Goodsell}, Stephen and {Hartung}, Markus and {Hibon}, Pascale and {Kalas}, Paul and {Larkin}, James and {Maire}, Jerome and {Marchis}, Franck and {Marley}, Mark S. and {McBride}, James and {Millar-Blanchaer}, Max and {Morzinski}, Katie and {Norton}, Andrew and {Oppenheimer}, B.~R. and {Palmer}, David and {Patience}, Jennifer and {Pueyo}, Laurent and {Rantakyro}, Fredrik and {Sadakuni}, Naru and {Saddlemyer}, Leslie and {Savransky}, Dmitry and {Serio}, Andrew and {Soummer}, Remi and {Sivaramakrishnan}, Anand and {Song}, Inseok and {Thomas}, Sandrine and {Wallace}, J. Kent and {Wiktorowicz}, Sloane and {Wolff}, Schuyler},
        title = "{First light of the Gemini Planet Imager}",
      journal = {Proceedings of the National Academy of Science},
     keywords = {Astrophysics - Earth and Planetary Astrophysics, Astrophysics - Instrumentation and Methods for Astrophysics},
         year = 2014,
        month = sep,
       volume = {111},
       number = {35},
        pages = {12661-12666},
          doi = {10.1073/pnas.1304215111},
archivePrefix = {arXiv},
       eprint = {1403.7520},
 primaryClass = {astro-ph.EP},
       adsurl = {https://ui.adsabs.harvard.edu/abs/2014PNAS..11112661M},
      adsnote = {Provided by the SAO/NASA Astrophysics Data System}
}
@ARTICLE{2019ClaudiHD142527b,
       author = {{Claudi}, R. and {Maire}, A. -L. and {Mesa}, D. and {Cheetham}, A. and {Fontanive}, C. and {Gratton}, R. and {Zurlo}, A. and {Avenhaus}, H. and {Bhowmik}, T. and {Biller}, B. and {Boccaletti}, A. and {Bonavita}, M. and {Bonnefoy}, M. and {Cascone}, E. and {Chauvin}, G. and {Delboulb{\'e}}, A. and {Desidera}, S. and {D'Orazi}, V. and {Feautrier}, P. and {Feldt}, M. and {Flammini Dotti}, F. and {Girard}, J.~H. and {Giro}, E. and {Janson}, M. and {Hagelberg}, J. and {Keppler}, M. and {Kopytova}, T. and {Lacour}, S. and {Lagrange}, A. -M. and {Langlois}, M. and {Lannier}, J. and {Le Coroller}, H. and {Menard}, F. and {Messina}, S. and {Meyer}, M. and {Millward}, M. and {Olofsson}, J. and {Pavlov}, A. and {Peretti}, S. and {Perrot}, C. and {Pinte}, C. and {Pragt}, J. and {Ramos}, J. and {Rochat}, S. and {Rodet}, L. and {Roelfsema}, R. and {Rouan}, D. and {Salter}, G. and {Schmidt}, T. and {Sissa}, E. and {Thebault}, P. and {Udry}, S. and {Vigan}, A.},
        title = "{SPHERE dynamical and spectroscopic characterization of HD 142527B}",
      journal = {\aap},
     keywords = {stars: formation, protoplanetary disks, instrumentation: high angular resolution, techniques: imaging spectroscopy, stars: individual: HD 142527, Astrophysics - Solar and Stellar Astrophysics, Astrophysics - Earth and Planetary Astrophysics},
         year = 2019,
        month = feb,
       volume = {622},
          eid = {A96},
        pages = {A96},
          doi = {10.1051/0004-6361/201833990},
archivePrefix = {arXiv},
       eprint = {1812.07814},
 primaryClass = {astro-ph.SR},
       adsurl = {https://ui.adsabs.harvard.edu/abs/2019A&A...622A..96C},
      adsnote = {Provided by the SAO/NASA Astrophysics Data System}
}
@article{
2015MacintoshEridani,
author = {B. Macintosh  and J. R. Graham  and T. Barman  and R. J. De Rosa  and Q. Konopacky  and M. S. Marley  and C. Marois  and E. L. Nielsen  and L. Pueyo  and A. Rajan  and J. Rameau  and D. Saumon  and J. J. Wang  and J. Patience  and M. Ammons  and P. Arriaga  and E. Artigau  and S. Beckwith  and J. Brewster  and S. Bruzzone  and J. Bulger  and B. Burningham  and A. S. Burrows  and C. Chen  and E. Chiang  and J. K. Chilcote  and R. I. Dawson  and R. Dong  and R. Doyon  and Z. H. Draper  and G. Duchêne  and T. M. Esposito  and D. Fabrycky  and M. P. Fitzgerald  and K. B. Follette  and J. J. Fortney  and B. Gerard  and S. Goodsell  and A. Z. Greenbaum  and P. Hibon  and S. Hinkley  and T. H. Cotten  and L.-W. Hung  and P. Ingraham  and M. Johnson-Groh  and P. Kalas  and D. Lafreniere  and J. E. Larkin  and J. Lee  and M. Line  and D. Long  and J. Maire  and F. Marchis  and B. C. Matthews  and C. E. Max  and S. Metchev  and M. A. Millar-Blanchaer  and T. Mittal  and C. V. Morley  and K. M. Morzinski  and R. Murray-Clay  and R. Oppenheimer  and D. W. Palmer  and R. Patel  and M. D. Perrin  and L. A. Poyneer  and R. R. Rafikov  and F. T. Rantakyrö  and E. L. Rice  and P. Rojo  and A. R. Rudy  and J.-B. Ruffio  and M. T. Ruiz  and N. Sadakuni  and L. Saddlemyer  and M. Salama  and D. Savransky  and A. C. Schneider  and A. Sivaramakrishnan  and I. Song  and R. Soummer  and S. Thomas  and G. Vasisht  and J. K. Wallace  and K. Ward-Duong  and S. J. Wiktorowicz  and S. G. Wolff  and B. Zuckerman },
title = {Discovery and spectroscopy of the young jovian planet 51 Eri b with the Gemini Planet Imager},
journal = {Science},
volume = {350},
number = {6256},
pages = {64-67},
year = {2015},
doi = {10.1126/science.aac5891},
URL = {https://www.science.org/doi/abs/10.1126/science.aac5891},
eprint = {https://www.science.org/doi/pdf/10.1126/science.aac5891},
abstract = {Direct imaging of Jupiter-like exoplanets around young stars provides a glimpse into how our solar system formed. The brightness of young stars requires the use of next-generation devices such as the Gemini Planet Imager (GPI). Using the GPI, Macintosh et al. discovered a Jupiter-like planet orbiting a young star, 51 Eridani (see the Perspective by Mawet). The planet, 51 Eri b, has a methane signature and is probably the smallest exoplanet that has been directly imaged. These findings open the door to understanding solar system origins and herald the dawn of a new era in next-generation planetary imaging. Science, this issue p. 64; see also p. 39 The Gemini Planet Imager detects a Jupiter-like exoplanet orbiting the young star 51 Eridani. [Also see Perspective by Mawet] Directly detecting thermal emission from young extrasolar planets allows measurement of their atmospheric compositions and luminosities, which are influenced by their formation mechanisms. Using the Gemini Planet Imager, we discovered a planet orbiting the ~20-million-year-old star 51 Eridani at a projected separation of 13 astronomical units. Near-infrared observations show a spectrum with strong methane and water-vapor absorption. Modeling of the spectra and photometry yields a luminosity (normalized by the luminosity of the Sun) of 1.6 to 4.0 × 10−6 and an effective temperature of 600 to 750 kelvin. For this age and luminosity, “hot-start” formation models indicate a mass twice that of Jupiter. This planet also has a sufficiently low luminosity to be consistent with the “cold-start” core-accretion process that may have formed Jupiter.}}
@ARTICLE{2023Galicher,
       author = {{Galicher}, Rapha{\"e}l and {Mazoyer}, Johan},
        title = "{Imaging exoplanets with coronagraphic instruments}",
      journal = {arXiv e-prints},
     keywords = {Astrophysics - Earth and Planetary Astrophysics, Astrophysics - Instrumentation and Methods for Astrophysics},
         year = 2023,
        month = feb,
          eid = {arXiv:2302.10833},
        pages = {arXiv:2302.10833},
          doi = {10.48550/arXiv.2302.10833},
archivePrefix = {arXiv},
       eprint = {2302.10833},
 primaryClass = {astro-ph.EP},
       adsurl = {https://ui.adsabs.harvard.edu/abs/2023arXiv230210833G},
      adsnote = {Provided by the SAO/NASA Astrophysics Data System}
}
@ARTICLE{2013Konopacky,
       author = {{Konopacky}, Quinn M. and {Barman}, Travis S. and {Macintosh}, Bruce A. and {Marois}, Christian},
        title = "{Detection of Carbon Monoxide and Water Absorption Lines in an Exoplanet Atmosphere}",
      journal = {Science},
     keywords = {ASTRONOMY Astronomy, Ecology, Chemistry, Astrophysics - Earth and Planetary Astrophysics},
         year = 2013,
        month = mar,
       volume = {339},
       number = {6126},
        pages = {1398-1401},
          doi = {10.1126/science.1232003},
archivePrefix = {arXiv},
       eprint = {1303.3280},
 primaryClass = {astro-ph.EP},
       adsurl = {https://ui.adsabs.harvard.edu/abs/2013Sci...339.1398K},
      adsnote = {Provided by the SAO/NASA Astrophysics Data System}
}
@ARTICLE{2015Snellen,
       author = {{Snellen}, I. and {de Kok}, R. and {Birkby}, J.~L. and {Brandl}, B. and {Brogi}, M. and {Keller}, C. and {Kenworthy}, M. and {Schwarz}, H. and {Stuik}, R.},
        title = "{Combining high-dispersion spectroscopy with high contrast imaging: Probing rocky planets around our nearest neighbors}",
      journal = {\aap},
     keywords = {infrared: planetary systems, techniques: imaging spectroscopy, techniques: high angular resolution, methods: data analysis, Astrophysics - Earth and Planetary Astrophysics},
         year = 2015,
        month = apr,
       volume = {576},
          eid = {A59},
        pages = {A59},
          doi = {10.1051/0004-6361/201425018},
archivePrefix = {arXiv},
       eprint = {1503.01136},
 primaryClass = {astro-ph.EP},
       adsurl = {https://ui.adsabs.harvard.edu/abs/2015A&A...576A..59S},
      adsnote = {Provided by the SAO/NASA Astrophysics Data System}
}
@article{birkby2013detection,
  title={Detection of water absorption in the day side atmosphere of HD 189733 b using ground-based high-resolution spectroscopy at 3.2 $\mu$m},
  author={Birkby, JL and De Kok, RJ and Brogi, M and de Mooij, EJW and Schwarz, H and Albrecht, S and Snellen, IAG},
  journal={Monthly Notices of the Royal Astronomical Society: Letters},
  volume={436},
  number={1},
  pages={L35--L39},
  year={2013},
  publisher={Oxford University Press}
}

@article{snellen2010orbital,
  title={The orbital motion, absolute mass and high-altitude winds of exoplanet HD 209458b},
  author={Snellen, Ignas AG and De Kok, Remco J and De Mooij, Ernst JW and Albrecht, Simon},
  journal={Nature},
  volume={465},
  number={7301},
  pages={1049--1051},
  year={2010},
  publisher={Nature Publishing Group UK London}
}
@ARTICLE{2023Exomol,
       author = {{Yurchenko}, Sergei N. and {Nogu{\'e}}, Emma and {Azzam}, Ala'a. A.~A. and {Tennyson}, Jonathan},
        title = "{ExoMol line lists - XLVII. Rovibronic spectrum of aluminium monochloride (AlCl)}",
      journal = {\mnras},
     keywords = {molecular data, opacity, planets and satellites: atmospheres, stars: atmospheres, ISM: molecules},
         year = 2023,
        month = apr,
       volume = {520},
       number = {4},
        pages = {5183-5191},
          doi = {10.1093/mnras/stac3757},
       adsurl = {https://ui.adsabs.harvard.edu/abs/2023MNRAS.520.5183Y},
      adsnote = {Provided by the SAO/NASA Astrophysics Data System}
}

@ARTICLE{2018PDR,
       author = {{Petit dit de la Roche}, D.~J.~M. and {Hoeijmakers}, H.~J. and {Snellen}, I.~A.~G.},
        title = "{Molecule mapping of HR8799b using OSIRIS on Keck. Strong detection of water and carbon monoxide, but no methane}",
      journal = {\aap},
     keywords = {planets and satellites: atmospheres, methods: data analysis, techniques: spectroscopic, infrared: planetary systems, Astrophysics - Earth and Planetary Astrophysics},
         year = 2018,
        month = aug,
       volume = {616},
          eid = {A146},
        pages = {A146},
          doi = {10.1051/0004-6361/201833384},
archivePrefix = {arXiv},
       eprint = {1808.10790},
 primaryClass = {astro-ph.EP},
       adsurl = {https://ui.adsabs.harvard.edu/abs/2018A&A...616A.146P},
      adsnote = {Provided by the SAO/NASA Astrophysics Data System}
}
@ARTICLE{2021Cugno,
       author = {{Cugno}, G. and {Patapis}, P. and {Stolker}, T. and {Quanz}, S.~P. and {Boehle}, A. and {Hoeijmakers}, H.~J. and {Marleau}, G. -D. and {Molli{\`e}re}, P. and {Nasedkin}, E. and {Snellen}, I.~A.~G.},
        title = "{Molecular mapping of the PDS70 system. No molecular absorption signatures from the forming planet PDS70 b}",
      journal = {\aap},
     keywords = {techniques: imaging spectroscopy, planets and satellites: formation, planets and satellites: atmospheres, planets and satellites: individual: PDS70b, Astrophysics - Earth and Planetary Astrophysics},
         year = 2021,
        month = sep,
       volume = {653},
          eid = {A12},
        pages = {A12},
          doi = {10.1051/0004-6361/202140632},
archivePrefix = {arXiv},
       eprint = {2106.03615},
 primaryClass = {astro-ph.EP},
       adsurl = {https://ui.adsabs.harvard.edu/abs/2021A&A...653A..12C},
      adsnote = {Provided by the SAO/NASA Astrophysics Data System}
}
@ARTICLE{2022Patapis,
       author = {{Patapis}, P. and {Nasedkin}, E. and {Cugno}, G. and {Glauser}, A.~M. and {Argyriou}, I. and {Whiteford}, N.~P. and {Molli{\`e}re}, P. and {Glasse}, A. and {Quanz}, S.~P.},
        title = "{Direct emission spectroscopy of exoplanets with the medium resolution imaging spectrometer on board JWST MIRI. I. Molecular mapping and sensitivity to instrumental effects}",
      journal = {\aap},
     keywords = {techniques: imaging spectroscopy, planets and satellites: gaseous planets, planets and satellites: atmospheres, infrared: planetary systems, methods: data analysis, Astrophysics - Earth and Planetary Astrophysics, Astrophysics - Instrumentation and Methods for Astrophysics},
         year = 2022,
        month = feb,
       volume = {658},
          eid = {A72},
        pages = {A72},
          doi = {10.1051/0004-6361/202141663},
archivePrefix = {arXiv},
       eprint = {2110.15756},
 primaryClass = {astro-ph.EP},
       adsurl = {https://ui.adsabs.harvard.edu/abs/2022A&A...658A..72P},
      adsnote = {Provided by the SAO/NASA Astrophysics Data System}
}
@ARTICLE{2023Malin,
       author = {{M{\^a}lin}, M. and {Boccaletti}, A. and {Charnay}, B. and {Kiefer}, F. and {B{\'e}zard}, B.},
        title = "{Simulated performance of the molecular mapping for young giant exoplanets with the Medium-Resolution Spectrometer of JWST/MIRI}",
      journal = {\aap},
     keywords = {planets and satellites: atmospheres, techniques: imaging spectroscopy, planets and satellites: gaseous planets, space vehicles: instruments, methods: data analysis, infrared: planetary systems, Astrophysics - Earth and Planetary Astrophysics, Astrophysics - Instrumentation and Methods for Astrophysics},
         year = 2023,
        month = mar,
       volume = {671},
          eid = {A109},
        pages = {A109},
          doi = {10.1051/0004-6361/202245094},
archivePrefix = {arXiv},
       eprint = {2301.02116},
 primaryClass = {astro-ph.EP},
       adsurl = {https://ui.adsabs.harvard.edu/abs/2023A&A...671A.109M},
      adsnote = {Provided by the SAO/NASA Astrophysics Data System}
}
@unpublished{2023Garvin,
  author = {Garvin, O E et al},
  year = {in prep.},
  title = {MLxCS},
}
@ARTICLE{2019Beuzit,
       author = {{Beuzit}, J. -L. and {Vigan}, A. and {Mouillet}, D. and {Dohlen}, K. and {Gratton}, R. and {Boccaletti}, A. and {Sauvage}, J. -F. and {Schmid}, H.~M. and {Langlois}, M. and {Petit}, C. and {Baruffolo}, A. and {Feldt}, M. and {Milli}, J. and {Wahhaj}, Z. and {Abe}, L. and {Anselmi}, U. and {Antichi}, J. and {Barette}, R. and {Baudrand}, J. and {Baudoz}, P. and {Bazzon}, A. and {Bernardi}, P. and {Blanchard}, P. and {Brast}, R. and {Bruno}, P. and {Buey}, T. and {Carbillet}, M. and {Carle}, M. and {Cascone}, E. and {Chapron}, F. and {Charton}, J. and {Chauvin}, G. and {Claudi}, R. and {Costille}, A. and {De Caprio}, V. and {de Boer}, J. and {Delboulb{\'e}}, A. and {Desidera}, S. and {Dominik}, C. and {Downing}, M. and {Dupuis}, O. and {Fabron}, C. and {Fantinel}, D. and {Farisato}, G. and {Feautrier}, P. and {Fedrigo}, E. and {Fusco}, T. and {Gigan}, P. and {Ginski}, C. and {Girard}, J. and {Giro}, E. and {Gisler}, D. and {Gluck}, L. and {Gry}, C. and {Henning}, T. and {Hubin}, N. and {Hugot}, E. and {Incorvaia}, S. and {Jaquet}, M. and {Kasper}, M. and {Lagadec}, E. and {Lagrange}, A. -M. and {Le Coroller}, H. and {Le Mignant}, D. and {Le Ruyet}, B. and {Lessio}, G. and {Lizon}, J. -L. and {Llored}, M. and {Lundin}, L. and {Madec}, F. and {Magnard}, Y. and {Marteaud}, M. and {Martinez}, P. and {Maurel}, D. and {M{\'e}nard}, F. and {Mesa}, D. and {M{\"o}ller-Nilsson}, O. and {Moulin}, T. and {Moutou}, C. and {Orign{\'e}}, A. and {Parisot}, J. and {Pavlov}, A. and {Perret}, D. and {Pragt}, J. and {Puget}, P. and {Rabou}, P. and {Ramos}, J. and {Reess}, J. -M. and {Rigal}, F. and {Rochat}, S. and {Roelfsema}, R. and {Rousset}, G. and {Roux}, A. and {Saisse}, M. and {Salasnich}, B. and {Santambrogio}, E. and {Scuderi}, S. and {Segransan}, D. and {Sevin}, A. and {Siebenmorgen}, R. and {Soenke}, C. and {Stadler}, E. and {Suarez}, M. and {Tiph{\`e}ne}, D. and {Turatto}, M. and {Udry}, S. and {Vakili}, F. and {Waters}, L.~B.~F.~M. and {Weber}, L. and {Wildi}, F. and {Zins}, G. and {Zurlo}, A.},
        title = "{SPHERE: the exoplanet imager for the Very Large Telescope}",
      journal = {\aap},
     keywords = {instrumentation: high angular resolution, instrumentation: adaptive optics, instrumentation: polarimeters, instrumentation: spectrographs, planets and satellites: detection, Astrophysics - Instrumentation and Methods for Astrophysics, Astrophysics - Earth and Planetary Astrophysics},
         year = 2019,
        month = nov,
       volume = {631},
          eid = {A155},
        pages = {A155},
          doi = {10.1051/0004-6361/201935251},
archivePrefix = {arXiv},
       eprint = {1902.04080},
 primaryClass = {astro-ph.IM},
       adsurl = {https://ui.adsabs.harvard.edu/abs/2019A&A...631A.155B},
      adsnote = {Provided by the SAO/NASA Astrophysics Data System}
}
@ARTICLE{2023Davies,
       author = {{Davies}, R. and {Absil}, O. and {Agapito}, G. and {Agudo Berbel}, A. and {Baruffolo}, A. and {Biliotti}, V. and {Black}, M. and {Bonaglia}, M. and {Bonse}, M. and {Briguglio}, R. and {Campana}, P. and {Cao}, Y. and {Carbonaro}, L. and {Cortes}, A. and {Cresci}, G. and {Dallilar}, Y. and {Dannert}, F. and {De Rosa}, R.~J. and {Deysenroth}, M. and {Di Antonio}, I. and {Di Cianno}, A. and {Di Rico}, G. and {Doelman}, D. and {Dolci}, M. and {Dorn}, R. and {Eisenhauer}, F. and {Esposito}, S. and {Fantinel}, D. and {Ferruzzi}, D. and {Feuchtgruber}, H. and {Finger}, G. and {F{\"o}rster Schreiber}, N.~M. and {Gao}, X. and {Gemperlein}, H. and {Genzel}, R. and {Gillessen}, S. and {Ginski}, C. and {Glauser}, A.~M. and {Glindemann}, A. and {Grani}, P. and {Hartl}, M. and {Hayoz}, J. and {Heida}, M. and {Henry}, D. and {Hofmann}, R. and {Huber}, H. and {Kasper}, M. and {Keller}, C. and {Kenworthy}, M. and {Kravchenko}, K. and {Kuntschner}, H. and {Lacour}, S. and {Lightfoot}, J. and {Lunney}, D. and {Lutz}, D. and {Macintosh}, M. and {Mannucci}, F. and {Marsset}, M. and {Modigliani}, A. and {Neeser}, M. and {Orban de Xivry}, G. and {Ott}, T. and {Pallanca}, L. and {Patapis}, P. and {Pearson}, D. and {Pe{\~n}a}, E. and {Percheron}, I. and {Puglisi}, A. and {Quanz}, S.~P. and {Rabien}, S. and {Rau}, C. and {Riccardi}, A. and {Salasnich}, B. and {Schmid}, H. -M. and {Schubert}, J. and {Serra}, B. and {Shimizu}, T. and {Snik}, F. and {Sturm}, E. and {Tacconi}, L. and {Taylor}, W. and {Valentini}, A. and {Waring}, C. and {Wiezorrek}, E. and {Xompero}, M.},
        title = "{The Enhanced Resolution Imager and Spectrograph for the VLT}",
      journal = {\aap},
     keywords = {instrumentation: adaptive optics, instrumentation: high angular resolution, instrumentation: spectrographs, instrumentation: miscellaneous, Astrophysics - Instrumentation and Methods for Astrophysics},
         year = 2023,
        month = jun,
       volume = {674},
          eid = {A207},
        pages = {A207},
          doi = {10.1051/0004-6361/202346559},
archivePrefix = {arXiv},
       eprint = {2304.02343},
 primaryClass = {astro-ph.IM},
       adsurl = {https://ui.adsabs.harvard.edu/abs/2023A&A...674A.207D},
      adsnote = {Provided by the SAO/NASA Astrophysics Data System}
}
@ARTICLE{2012SoummerPCA,
       author = {{Soummer}, R{\'e}mi and {Pueyo}, Laurent and {Larkin}, James},
        title = "{Detection and Characterization of Exoplanets and Disks Using Projections on Karhunen-Lo{\`e}ve Eigenimages}",
      journal = {\apjl},
     keywords = {methods: data analysis, techniques: image processing, Astrophysics - Instrumentation and Methods for Astrophysics},
         year = 2012,
        month = aug,
       volume = {755},
       number = {2},
          eid = {L28},
        pages = {L28},
          doi = {10.1088/2041-8205/755/2/L28},
archivePrefix = {arXiv},
       eprint = {1207.4197},
 primaryClass = {astro-ph.IM},
       adsurl = {https://ui.adsabs.harvard.edu/abs/2012ApJ...755L..28S},
      adsnote = {Provided by the SAO/NASA Astrophysics Data System}
}
@ARTICLE{2012AmaraPCA,
       author = {{Amara}, Adam and {Quanz}, Sascha P.},
        title = "{PYNPOINT: an image processing package for finding exoplanets}",
      journal = {\mnras},
     keywords = {methods: data analysis, techniques: image processing, planets and satellites: detection, Astrophysics - Instrumentation and Methods for Astrophysics, Astrophysics - Earth and Planetary Astrophysics},
         year = 2012,
        month = dec,
       volume = {427},
       number = {2},
        pages = {948-955},
          doi = {10.1111/j.1365-2966.2012.21918.x},
archivePrefix = {arXiv},
       eprint = {1207.6637},
 primaryClass = {astro-ph.IM},
       adsurl = {https://ui.adsabs.harvard.edu/abs/2012MNRAS.427..948A},
      adsnote = {Provided by the SAO/NASA Astrophysics Data System}
}
@ARTICLE{2023Flasseur,
       author = {{Flasseur}, Olivier and {Bodrito}, Th{\'e}o and {Mairal}, Julien and {Ponce}, Jean and {Langlois}, Maud and {Lagrange}, Anne-Marie},
        title = "{deep PACO: Combining statistical models with deep learning for exoplanet detection and characterization in direct imaging at high contrast}",
      journal = {arXiv e-prints},
     keywords = {Astrophysics - Instrumentation and Methods for Astrophysics, Physics - Data Analysis, Statistics and Probability},
         year = 2023,
        month = mar,
          eid = {arXiv:2303.02461},
        pages = {arXiv:2303.02461},
          doi = {10.48550/arXiv.2303.02461},
archivePrefix = {arXiv},
       eprint = {2303.02461},
 primaryClass = {astro-ph.IM},
       adsurl = {https://ui.adsabs.harvard.edu/abs/2023arXiv230302461F},
      adsnote = {Provided by the SAO/NASA Astrophysics Data System}
}
@ARTICLE{2015SCeXAO,
       author = {{Jovanovic}, N. and {Martinache}, F. and {Guyon}, O. and {Clergeon}, C. and {Singh}, G. and {Kudo}, T. and {Garrel}, V. and {Newman}, K. and {Doughty}, D. and {Lozi}, J. and {Males}, J. and {Minowa}, Y. and {Hayano}, Y. and {Takato}, N. and {Morino}, J. and {Kuhn}, J. and {Serabyn}, E. and {Norris}, B. and {Tuthill}, P. and {Schworer}, G. and {Stewart}, P. and {Close}, L. and {Huby}, E. and {Perrin}, G. and {Lacour}, S. and {Gauchet}, L. and {Vievard}, S. and {Murakami}, N. and {Oshiyama}, F. and {Baba}, N. and {Matsuo}, T. and {Nishikawa}, J. and {Tamura}, M. and {Lai}, O. and {Marchis}, F. and {Duchene}, G. and {Kotani}, T. and {Woillez}, J.},
        title = "{The Subaru Coronagraphic Extreme Adaptive Optics System: Enabling High-Contrast Imaging on Solar-System Scales}",
      journal = {\pasp},
     keywords = {Astrophysics - Instrumentation and Methods for Astrophysics},
         year = 2015,
        month = sep,
       volume = {127},
       number = {955},
        pages = {890},
          doi = {10.1086/682989},
archivePrefix = {arXiv},
       eprint = {1507.00017},
 primaryClass = {astro-ph.IM},
       adsurl = {https://ui.adsabs.harvard.edu/abs/2015PASP..127..890J},
      adsnote = {Provided by the SAO/NASA Astrophysics Data System}
}
@INPROCEEDINGS{2000OSIRIS,
       author = {{Cepa}, Jordi and {Aguiar}, Marta and {Escalera}, Victor G. and {Gonzalez-Serrano}, Ignacio and {Joven-Alvarez}, Enrique and {Peraza}, Lorenzo and {Rasilla}, Jose Luis and {Rodriguez-Ramos}, Luis F. and {Gonzalez}, J. Jesus and {Cobos Duenas}, Francisco J. and {Sanchez}, Beatriz and {Tejada}, Carlos and {Bland-Hawthorn}, Joss and {Militello}, Carmelo and {Rosa}, Fernando},
        title = "{OSIRIS tunable imager and spectrograph}",
    booktitle = {Optical and IR Telescope Instrumentation and Detectors},
         year = 2000,
       editor = {{Iye}, Masanori and {Moorwood}, Alan F.},
       series = {Society of Photo-Optical Instrumentation Engineers (SPIE) Conference Series},
       volume = {4008},
        month = aug,
        pages = {623-631},
          doi = {10.1117/12.395520},
       adsurl = {https://ui.adsabs.harvard.edu/abs/2000SPIE.4008..623C},
      adsnote = {Provided by the SAO/NASA Astrophysics Data System}
}
@ARTICLE{2007LOCI,
       author = {{Lafreni{\`e}re}, David and {Marois}, Christian and {Doyon}, Ren{\'e} and {Nadeau}, Daniel and {Artigau}, {\'E}tienne},
        title = "{A New Algorithm for Point-Spread Function Subtraction in High-Contrast Imaging: A Demonstration with Angular Differential Imaging}",
      journal = {\apj},
     keywords = {Instrumentation: Adaptive Optics, Stars: Planetary Systems, Stars: Imaging, Techniques: High Angular Resolution, Techniques: Image Processing, Astrophysics},
         year = 2007,
        month = may,
       volume = {660},
       number = {1},
        pages = {770-780},
          doi = {10.1086/513180},
archivePrefix = {arXiv},
       eprint = {astro-ph/0702697},
 primaryClass = {astro-ph},
       adsurl = {https://ui.adsabs.harvard.edu/abs/2007ApJ...660..770L},
      adsnote = {Provided by the SAO/NASA Astrophysics Data System}
}
@ARTICLE{2018KepplerPDS70,
       author = {{Keppler}, M. and {Benisty}, M. and {M{\"u}ller}, A. and {Henning}, Th. and {van Boekel}, R. and {Cantalloube}, F. and {Ginski}, C. and {van Holstein}, R.~G. and {Maire}, A. -L. and {Pohl}, A. and {Samland}, M. and {Avenhaus}, H. and {Baudino}, J. -L. and {Boccaletti}, A. and {de Boer}, J. and {Bonnefoy}, M. and {Chauvin}, G. and {Desidera}, S. and {Langlois}, M. and {Lazzoni}, C. and {Marleau}, G. -D. and {Mordasini}, C. and {Pawellek}, N. and {Stolker}, T. and {Vigan}, A. and {Zurlo}, A. and {Birnstiel}, T. and {Brandner}, W. and {Feldt}, M. and {Flock}, M. and {Girard}, J. and {Gratton}, R. and {Hagelberg}, J. and {Isella}, A. and {Janson}, M. and {Juhasz}, A. and {Kemmer}, J. and {Kral}, Q. and {Lagrange}, A. -M. and {Launhardt}, R. and {Matter}, A. and {M{\'e}nard}, F. and {Milli}, J. and {Molli{\`e}re}, P. and {Olofsson}, J. and {P{\'e}rez}, L. and {Pinilla}, P. and {Pinte}, C. and {Quanz}, S.~P. and {Schmidt}, T. and {Udry}, S. and {Wahhaj}, Z. and {Williams}, J.~P. and {Buenzli}, E. and {Cudel}, M. and {Dominik}, C. and {Galicher}, R. and {Kasper}, M. and {Lannier}, J. and {Mesa}, D. and {Mouillet}, D. and {Peretti}, S. and {Perrot}, C. and {Salter}, G. and {Sissa}, E. and {Wildi}, F. and {Abe}, L. and {Antichi}, J. and {Augereau}, J. -C. and {Baruffolo}, A. and {Baudoz}, P. and {Bazzon}, A. and {Beuzit}, J. -L. and {Blanchard}, P. and {Brems}, S.~S. and {Buey}, T. and {De Caprio}, V. and {Carbillet}, M. and {Carle}, M. and {Cascone}, E. and {Cheetham}, A. and {Claudi}, R. and {Costille}, A. and {Delboulb{\'e}}, A. and {Dohlen}, K. and {Fantinel}, D. and {Feautrier}, P. and {Fusco}, T. and {Giro}, E. and {Gluck}, L. and {Gry}, C. and {Hubin}, N. and {Hugot}, E. and {Jaquet}, M. and {Le Mignant}, D. and {Llored}, M. and {Madec}, F. and {Magnard}, Y. and {Martinez}, P. and {Maurel}, D. and {Meyer}, M. and {M{\"o}ller-Nilsson}, O. and {Moulin}, T. and {Mugnier}, L. and {Orign{\'e}}, A. and {Pavlov}, A. and {Perret}, D. and {Petit}, C. and {Pragt}, J. and {Puget}, P. and {Rabou}, P. and {Ramos}, J. and {Rigal}, F. and {Rochat}, S. and {Roelfsema}, R. and {Rousset}, G. and {Roux}, A. and {Salasnich}, B. and {Sauvage}, J. -F. and {Sevin}, A. and {Soenke}, C. and {Stadler}, E. and {Suarez}, M. and {Turatto}, M. and {Weber}, L.},
        title = "{Discovery of a planetary-mass companion within the gap of the transition disk around PDS 70}",
      journal = {\aap},
     keywords = {stars: individual: PDS 70, techniques: high angular resolution, protoplanetary disks, scattering, radiative transfer, planets and satellites: detection, Astrophysics - Earth and Planetary Astrophysics},
         year = 2018,
        month = sep,
       volume = {617},
          eid = {A44},
        pages = {A44},
          doi = {10.1051/0004-6361/201832957},
archivePrefix = {arXiv},
       eprint = {1806.11568},
 primaryClass = {astro-ph.EP},
       adsurl = {https://ui.adsabs.harvard.edu/abs/2018A&A...617A..44K},
      adsnote = {Provided by the SAO/NASA Astrophysics Data System}
}
@ARTICLE{2018MullerPDS70,
       author = {{M{\"u}ller}, A. and {Keppler}, M. and {Henning}, Th. and {Samland}, M. and {Chauvin}, G. and {Beust}, H. and {Maire}, A. -L. and {Molaverdikhani}, K. and {van Boekel}, R. and {Benisty}, M. and {Boccaletti}, A. and {Bonnefoy}, M. and {Cantalloube}, F. and {Charnay}, B. and {Baudino}, J. -L. and {Gennaro}, M. and {Long}, Z.~C. and {Cheetham}, A. and {Desidera}, S. and {Feldt}, M. and {Fusco}, T. and {Girard}, J. and {Gratton}, R. and {Hagelberg}, J. and {Janson}, M. and {Lagrange}, A. -M. and {Langlois}, M. and {Lazzoni}, C. and {Ligi}, R. and {M{\'e}nard}, F. and {Mesa}, D. and {Meyer}, M. and {Molli{\`e}re}, P. and {Mordasini}, C. and {Moulin}, T. and {Pavlov}, A. and {Pawellek}, N. and {Quanz}, S.~P. and {Ramos}, J. and {Rouan}, D. and {Sissa}, E. and {Stadler}, E. and {Vigan}, A. and {Wahhaj}, Z. and {Weber}, L. and {Zurlo}, A.},
        title = "{Orbital and atmospheric characterization of the planet within the gap of the PDS 70 transition disk}",
      journal = {\aap},
     keywords = {planets and satellites: atmospheres, planets and satellites: individual: PDS 70, techniques: spectroscopic, astrometry, methods: observational, Astrophysics - Earth and Planetary Astrophysics},
         year = 2018,
        month = sep,
       volume = {617},
          eid = {L2},
        pages = {L2},
          doi = {10.1051/0004-6361/201833584},
archivePrefix = {arXiv},
       eprint = {1806.11567},
 primaryClass = {astro-ph.EP},
       adsurl = {https://ui.adsabs.harvard.edu/abs/2018A&A...617L...2M},
      adsnote = {Provided by the SAO/NASA Astrophysics Data System}
}
@ARTICLE{2019ChristiaensPDS70,
       author = {{Christiaens}, Valentin and {Cantalloube}, Faustine and {Casassus}, Simon and {Price}, Daniel J. and {Absil}, Olivier and {Pinte}, Christophe and {Girard}, Julien and {Montesinos}, Matias},
        title = "{Evidence for a Circumplanetary Disk around Protoplanet PDS 70 b}",
      journal = {\apjl},
     keywords = {planet{\textendash}disk interactions, planets and satellites: formation, protoplanetary disks, stars: individual: PDS 70, techniques: image processing, Astrophysics - Earth and Planetary Astrophysics},
         year = 2019,
        month = jun,
       volume = {877},
       number = {2},
          eid = {L33},
        pages = {L33},
          doi = {10.3847/2041-8213/ab212b},
archivePrefix = {arXiv},
       eprint = {1905.06370},
 primaryClass = {astro-ph.EP},
       adsurl = {https://ui.adsabs.harvard.edu/abs/2019ApJ...877L..33C},
      adsnote = {Provided by the SAO/NASA Astrophysics Data System}
}
@ARTICLE{2017DelormeHD206893b,
       author = {{Delorme}, P. and {Schmidt}, T. and {Bonnefoy}, M. and {Desidera}, S. and {Ginski}, C. and {Charnay}, B. and {Lazzoni}, C. and {Christiaens}, V. and {Messina}, S. and {D'Orazi}, V. and {Milli}, J. and {Schlieder}, J.~E. and {Gratton}, R. and {Rodet}, L. and {Lagrange}, A. -M. and {Absil}, O. and {Vigan}, A. and {Galicher}, R. and {Hagelberg}, J. and {Bonavita}, M. and {Lavie}, B. and {Zurlo}, A. and {Olofsson}, J. and {Boccaletti}, A. and {Cantalloube}, F. and {Mouillet}, D. and {Chauvin}, G. and {Hambsch}, F. -J. and {Langlois}, M. and {Udry}, S. and {Henning}, T. and {Beuzit}, J. -L. and {Mordasini}, C. and {Lucas}, P. and {Marocco}, F. and {Biller}, B. and {Carson}, J. and {Cheetham}, A. and {Covino}, E. and {De Caprio}, V. and {Delboulbe}, A. and {Feldt}, M. and {Girard}, J. and {Hubin}, N. and {Maire}, A. -L. and {Pavlov}, A. and {Petit}, C. and {Rouan}, D. and {Roelfsema}, R. and {Wildi}, F.},
        title = "{In-depth study of moderately young but extremely red, very dusty substellar companion HD 206893B}",
      journal = {\aap},
     keywords = {brown dwarfs, planets and satellites: atmospheres, techniques: high angular resolution, planet-disk interactions, Astrophysics - Solar and Stellar Astrophysics},
         year = 2017,
        month = dec,
       volume = {608},
          eid = {A79},
        pages = {A79},
          doi = {10.1051/0004-6361/201731145},
archivePrefix = {arXiv},
       eprint = {1709.00349},
 primaryClass = {astro-ph.SR},
       adsurl = {https://ui.adsabs.harvard.edu/abs/2017A&A...608A..79D},
      adsnote = {Provided by the SAO/NASA Astrophysics Data System}
}
@ARTICLE{2021ChristiaensCrA-9b,
       author = {{Christiaens}, V. and {Ubeira-Gabellini}, M. -G. and {Canovas}, H. and {Delorme}, P. and {Pairet}, B. and {Absil}, O. and {Casassus}, S. and {Girard}, J.~H. and {Zurlo}, A. and {Aoyama}, Y. and {Marleau}, G. -D. and {Spina}, L. and {van der Marel}, N. and {Cieza}, L. and {Lodato}, G. and {Perez}, S. and {Pinte}, C. and {Price}, D.~J. and {Reggiani}, M.},
        title = "{VizieR Online Data Catalog: A faint companion around CrA-9 (Christiaens+, 2021)}",
      journal = {VizieR Online Data Catalog},
     keywords = {YSOs, Exoplanets, Protostars, Spectra: infrared},
         year = 2021,
        month = apr,
          eid = {J/MNRAS/502/6117},
        pages = {J/MNRAS/502/6117},
       adsurl = {https://ui.adsabs.harvard.edu/abs/2021yCat..75026117C},
      adsnote = {Provided by the SAO/NASA Astrophysics Data System}
}
@ARTICLE{2017ChilcoteBetapic,
       author = {{Chilcote}, Jeffrey and {Pueyo}, Laurent and {De Rosa}, Robert J. and {Vargas}, Jeffrey and {Macintosh}, Bruce and {Bailey}, Vanessa P. and {Barman}, Travis and {Bauman}, Brian and {Bruzzone}, Sebastian and {Bulger}, Joanna and {Burrows}, Adam S. and {Cardwell}, Andrew and {Chen}, Christine H. and {Cotten}, Tara and {Dillon}, Daren and {Doyon}, Rene and {Draper}, Zachary H. and {Duch{\^e}ne}, Gaspard and {Dunn}, Jennifer and {Erikson}, Darren and {Fitzgerald}, Michael P. and {Follette}, Katherine B. and {Gavel}, Donald and {Goodsell}, Stephen J. and {Graham}, James R. and {Greenbaum}, Alexandra Z. and {Hartung}, Markus and {Hibon}, Pascale and {Hung}, Li-Wei and {Ingraham}, Patrick and {Kalas}, Paul and {Konopacky}, Quinn and {Larkin}, James E. and {Maire}, J{\'e}r{\^o}me and {Marchis}, Franck and {Marley}, Mark S. and {Marois}, Christian and {Metchev}, Stanimir and {Millar-Blanchaer}, Maxwell A. and {Morzinski}, Katie M. and {Nielsen}, Eric L. and {Norton}, Andrew and {Oppenheimer}, Rebecca and {Palmer}, David and {Patience}, Jennifer and {Perrin}, Marshall and {Poyneer}, Lisa and {Rajan}, Abhijith and {Rameau}, Julien and {Rantakyr{\"o}}, Fredrik T. and {Sadakuni}, Naru and {Saddlemyer}, Leslie and {Savransky}, Dmitry and {Schneider}, Adam C. and {Serio}, Andrew and {Sivaramakrishnan}, Anand and {Song}, Inseok and {Soummer}, Remi and {Thomas}, Sandrine and {Wallace}, J. Kent and {Wang}, Jason J. and {Ward-Duong}, Kimberly and {Wiktorowicz}, Sloane and {Wolff}, Schuyler},
        title = "{1-2.4 {\ensuremath{\mu}}m Near-IR Spectrum of the Giant Planet {\ensuremath{\beta}} Pictoris b Obtained with the Gemini Planet Imager}",
      journal = {\aj},
     keywords = {instrumentation: adaptive optics, planetary systems, stars: individual: beta Pictoris, techniques: spectroscopic, Astrophysics - Earth and Planetary Astrophysics},
         year = 2017,
        month = apr,
       volume = {153},
       number = {4},
          eid = {182},
        pages = {182},
          doi = {10.3847/1538-3881/aa63e9},
archivePrefix = {arXiv},
       eprint = {1703.00011},
 primaryClass = {astro-ph.EP},
       adsurl = {https://ui.adsabs.harvard.edu/abs/2017AJ....153..182C},
      adsnote = {Provided by the SAO/NASA Astrophysics Data System}
}
@ARTICLE{2023Currie,
       author = {{Currie}, Thayne and {Brandt}, G. Mirek and {Brandt}, Timothy D. and {Lacy}, Brianna and {Burrows}, Adam and {Guyon}, Olivier and {Tamura}, Motohide and {Liu}, Ranger Y. and {Sagynbayeva}, Sabina and {Tobin}, Taylor and {Chilcote}, Jeffrey and {Groff}, Tyler and {Marois}, Christian and {Thompson}, William and {Murphy}, Simon J. and {Kuzuhara}, Masayuki and {Lawson}, Kellen and {Lozi}, Julien and {Deo}, Vincent and {Vievard}, Sebastien and {Skaf}, Nour and {Uyama}, Taichi and {Jovanovic}, Nemanja and {Martinache}, Frantz and {Kasdin}, N. Jeremy and {Kudo}, Tomoyuki and {McElwain}, Michael and {Janson}, Markus and {Wisniewski}, John and {Hodapp}, Klaus and {Nishikawa}, Jun and {He{\l}miniak}, Krzysztof and {Kwon}, Jungmi and {Hayashi}, Masahiko},
        title = "{Direct imaging and astrometric detection of a gas giant planet orbiting an accelerating star}",
      journal = {Science},
     keywords = {ASTRONOMY; PLANET SCI, Astrophysics - Earth and Planetary Astrophysics, Astrophysics - Instrumentation and Methods for Astrophysics, Astrophysics - Solar and Stellar Astrophysics},
         year = 2023,
        month = apr,
       volume = {380},
       number = {6641},
        pages = {198-203},
          doi = {10.1126/science.abo6192},
archivePrefix = {arXiv},
       eprint = {2212.00034},
 primaryClass = {astro-ph.EP},
       adsurl = {https://ui.adsabs.harvard.edu/abs/2023Sci...380..198C},
      adsnote = {Provided by the SAO/NASA Astrophysics Data System}
}
@ARTICLE{2023RuffioJWST,
       author = {{Ruffio}, Jean-Baptiste and {Perrin}, Marshall D. and {Hoch}, Kielan K.~W. and {Kammerer}, Jens and {Konopacky}, Quinn M. and {Pueyo}, Laurent and {Rickman}, Emily and {Theissen}, Christopher A. and {Agrawal}, Shubh and {Greenbaum}, Alexandra Z. and {Miles}, Brittany E. and {Barman}, Travis S. and {Balmer}, William O. and {Llop-Sayson}, Jorge and {Girard}, Julien H. and {Rebollido}, Isabel and {Soummer}, R{\'e}mi and {Allen}, Natalie H. and {Anderson}, Jay and {Beichman}, Charles A. and {Bellini}, Andrea and {Bryden}, Geoffrey and {Espinoza}, N{\'e}stor and {Glidden}, Ana and {Huang}, Jingcheng and {Lewis}, Nikole K. and {Libralato}, Mattia and {Louie}, Dana R. and {Sohn}, Sangmo Tony and {Seager}, Sara and {van der Marel}, Roeland P. and {Wakeford}, Hannah R. and {Watkins}, Laura L. and {Ygouf}, Marie and {Mountai}, C. Matt},
        title = "{JWST-TST High Contrast: Achieving direct spectroscopy of faint substellar companions next to bright stars with the NIRSpec IFU}",
      journal = {arXiv e-prints},
     keywords = {Astrophysics - Earth and Planetary Astrophysics, Astrophysics - Instrumentation and Methods for Astrophysics},
         year = 2023,
        month = oct,
          eid = {arXiv:2310.09902},
        pages = {arXiv:2310.09902},
          doi = {10.48550/arXiv.2310.09902},
archivePrefix = {arXiv},
       eprint = {2310.09902},
 primaryClass = {astro-ph.EP},
       adsurl = {https://ui.adsabs.harvard.edu/abs/2023arXiv231009902R},
      adsnote = {Provided by the SAO/NASA Astrophysics Data System}
}
@ARTICLE{2022BokerJWST,
       author = {{B{\"o}ker}, T. and {Arribas}, S. and {L{\"u}tzgendorf}, N. and {Alves de Oliveira}, C. and {Beck}, T.~L. and {Birkmann}, S. and {Bunker}, A.~J. and {Charlot}, S. and {de Marchi}, G. and {Ferruit}, P. and {Giardino}, G. and {Jakobsen}, P. and {Kumari}, N. and {L{\'o}pez-Caniego}, M. and {Maiolino}, R. and {Manjavacas}, E. and {Marston}, A. and {Moseley}, S.~H. and {Muzerolle}, J. and {Ogle}, P. and {Pirzkal}, N. and {Rauscher}, B. and {Rawle}, T. and {Rix}, H. -W. and {Sabbi}, E. and {Sargent}, B. and {Sirianni}, M. and {te Plate}, M. and {Valenti}, J. and {Willott}, C.~J. and {Zeidler}, P.},
        title = "{The Near-Infrared Spectrograph (NIRSpec) on the James Webb Space Telescope. III. Integral-field spectroscopy}",
      journal = {\aap},
     keywords = {space vehicles: instruments, instrumentation: spectrographs, techniques: imaging spectroscopy, methods: observational, Astrophysics - Instrumentation and Methods for Astrophysics},
         year = 2022,
        month = may,
       volume = {661},
          eid = {A82},
        pages = {A82},
          doi = {10.1051/0004-6361/202142589},
archivePrefix = {arXiv},
       eprint = {2202.03308},
 primaryClass = {astro-ph.IM},
       adsurl = {https://ui.adsabs.harvard.edu/abs/2022A&A...661A..82B},
      adsnote = {Provided by the SAO/NASA Astrophysics Data System}
}























































































